<marc:collection xmlns:marc="http://www.loc.gov/MARC21/slim">
    <marc:record>
        <!-- Alexander -->
        <marc:leader>02658ngm a22004933  4500</marc:leader>
        <marc:controlfield tag="001">bivi0000080993</marc:controlfield>
        <marc:controlfield tag="003">SpMaBN</marc:controlfield>
        <marc:controlfield tag="005">20180413091016.6</marc:controlfield>
        <marc:controlfield tag="007">vd cvaigs</marc:controlfield>
        <marc:controlfield tag="008">070628s2007    sp 100 g     ||   vlmul  </marc:controlfield>
        <marc:datafield ind1=" " ind2=" " tag="015">
            <marc:subfield code="a">VD07</marc:subfield>
        </marc:datafield>
        <marc:datafield ind1="7" ind2=" " tag="016">
            <marc:subfield code="a">biviBNE20070209214</marc:subfield>
            <marc:subfield code="2">SpMaBN</marc:subfield>
        </marc:datafield>
        <marc:datafield ind1=" " ind2=" " tag="017">
            <marc:subfield code="a">M 9143-2007</marc:subfield>
            <marc:subfield code="b">Oficina Depósito Legal Madrid</marc:subfield>
        </marc:datafield>
        <marc:datafield ind1="4" ind2="0" tag="028">
            <marc:subfield code="a">Twentieth Century Fox Home Entertainment F5-OES 9313607</marc:subfield>
        </marc:datafield>
        <marc:datafield ind1=" " ind2=" " tag="035">
            <marc:subfield code="a">(OCoLC)742241093</marc:subfield>
        </marc:datafield>
        <marc:datafield ind1=" " ind2=" " tag="040">
            <marc:subfield code="a">SpMaBN</marc:subfield>
            <marc:subfield code="b">spa</marc:subfield>
            <marc:subfield code="c">SpMaBN</marc:subfield>
            <marc:subfield code="e">rdc</marc:subfield>
        </marc:datafield>
        <marc:datafield ind1="1" ind2=" " tag="041">
            <marc:subfield code="a">spa</marc:subfield>
            <marc:subfield code="a">eng</marc:subfield>
            <marc:subfield code="b">spa</marc:subfield>
            <marc:subfield code="b">eng</marc:subfield>
            <marc:subfield code="d">eng</marc:subfield>
        </marc:datafield>
        <marc:datafield ind1="0" ind2=" " tag="130">
            <!-- opprettet felt -->
            <marc:subfield code="a">Eragon</marc:subfield>
            <marc:subfield code="l">Spansk og Engelsk</marc:subfield>
            <marc:subfield code="0">tt0449010</marc:subfield>
            <marc:subfield code="1">https://www.imdb.com/title/tt0449010/</marc:subfield>
        </marc:datafield>
        <marc:datafield ind1="1" ind2=" " tag="240">
            <!-- opprettet felt -->
            <marc:subfield code="a">Eragon</marc:subfield>
            <marc:subfield code="l">Spansk og Engelsk</marc:subfield>
            <marc:subfield code="0">tt0449010</marc:subfield>
            <marc:subfield code="1">https://www.imdb.com/title/tt0449010/</marc:subfield>
        </marc:datafield>
        <marc:datafield ind1="1" ind2="0" tag="245">
            <marc:subfield code="a">Eragon</marc:subfield>
            <marc:subfield code="h">[Videoopptak] /</marc:subfield>
            <marc:subfield code="c">musikk av Patrick Doyle ; filmfotograf, Hugh Johnson ;
              manusforfatter, Peter Buchman ; produsert av John Davis, Wyck Godfrey ;
              regissert av Stefen Fangmeier.</marc:subfield>
        </marc:datafield>
        <marc:datafield ind1="0" ind2=" " tag="260">
            <marc:subfield code="a">Madrid :</marc:subfield>
            <marc:subfield code="b">Twentieth Century Fox Home Entertainment,</marc:subfield>
            <marc:subfield code="c">D.L. 2007</marc:subfield>
        </marc:datafield>
        <marc:datafield ind1=" " ind2=" " tag="300">
            <marc:subfield code="a">2 videodisker (DVD) (100 min aprox.) :</marc:subfield>
            <marc:subfield code="b">lyd., koll.</marc:subfield>
        </marc:datafield>
        <marc:datafield ind1=" " ind2=" " tag="336">
            <!-- opprettet felt -->
            <marc:subfield code="a">two-dimensional moving image</marc:subfield>
            <marc:subfield code="b">tdi</marc:subfield>
            <marc:subfield code="0">http://rdaregistry.info/termList/RDAContentType/1023</marc:subfield>
            <marc:subfield code="2">rdacontent</marc:subfield>
        </marc:datafield>
        <marc:datafield ind1=" " ind2=" " tag="337">
            <!-- opprettet felt -->
            <marc:subfield code="a">video</marc:subfield>
            <marc:subfield code="0">http://rdaregistry.info/termList/RDAMediaType/1008</marc:subfield>
            <marc:subfield code="2">rdamedia</marc:subfield>
        </marc:datafield>
        <marc:datafield ind1=" " ind2=" " tag="338">
            <!-- opprettet felt -->
            <marc:subfield code="a">videodisc</marc:subfield>
            <marc:subfield code="0">http://rdaregistry.info/termList/RDACarrierType/1060</marc:subfield>
            <marc:subfield code="2">rdacarrier</marc:subfield>
        </marc:datafield>
        <marc:datafield ind1=" " ind2=" " tag="380">
            <!-- opprettet felt -->
            <marc:subfield code="a">spillefilmer</marc:subfield>
            <marc:subfield code="2">humord</marc:subfield>
        </marc:datafield>
        <marc:datafield ind1=" " ind2=" " tag="500">
            <marc:subfield code="a">Película realizada en 2006</marc:subfield>
        </marc:datafield>
        <marc:datafield ind1="0" ind2=" " tag="505">
            <marc:subfield code="a">DVD 1. Creando en vídeo juego, Comentario en audio del director, Escenas extendidas y eliminadas.
			-- DVD 2. Carvahall: la trilogía de "El Legado", Daret: los habitantes de Alagaësia, Gilead: escenas extendidas y eliminadas,
			Teirm: Guía de pronunciación, Storyboards originales, Storyboards perdidos, Entrevista con Christopher Paolini, Los secretos de Alagaësia,
			Guía de animación de Asphira con el comentario de Stefen Fangmeier, Las montañas de Beor: trailers</marc:subfield>
        </marc:datafield>
        <marc:datafield ind1="1" ind2=" " tag="511">
            <marc:subfield code="a">Ed Spellers [sic], Jeremy Irons, Sienna Guillory</marc:subfield>
            <!-- her har katalogisator rett og slett skrevet feil, derfor ble
			binnførsel også opprettet -->
        </marc:datafield>
        <marc:datafield ind1="8" ind2=" " tag="520">
            <marc:subfield code="a">En un reino dominado por las tinieblas y la tiranía se vislumbra un pequeño rayo de esperanza
			cuando Eragon encuentra una misteriosa piedra azul que resulta ser el huevo de un dragón.</marc:subfield>
        </marc:datafield>
        <marc:datafield ind1="1" ind2=" " tag="521">
            <marc:subfield code="a">Recomendada para todos los públicos</marc:subfield>
        </marc:datafield>
        <marc:datafield ind1="1" ind2=" " tag="700">
            <marc:subfield code="a">Paolini, Christopher</marc:subfield>
            <marc:subfield code="d">1983-</marc:subfield>
            <marc:subfield code="t">Eragon</marc:subfield>
            <marc:subfield code="0">Q185449</marc:subfield>
            <marc:subfield code="i">is adapted as motion picture work</marc:subfield>
            <marc:subfield code="4">http://rdaregistry.info/Elements/w/P10025</marc:subfield>
            <marc:subfield code="1">https://www.wikidata.org/wiki/Q185449</marc:subfield>
        </marc:datafield>
        <marc:datafield ind1="1" ind2=" " tag="700">
            <marc:subfield code="a">Fangmeier, Stefen</marc:subfield>
            <marc:subfield code="d">1960-</marc:subfield>
            <marc:subfield code="e">filmregissør</marc:subfield>
            <marc:subfield code="4">fmd</marc:subfield>
            <marc:subfield code="0">nm0266777</marc:subfield>
            <marc:subfield code="1">https://www.imdb.com/name/nm0266777</marc:subfield>
        </marc:datafield>
        <marc:datafield ind1="1" ind2=" " tag="700">
            <marc:subfield code="a">Buchman, Peter</marc:subfield>
            <marc:subfield code="d">1967-</marc:subfield>
            <marc:subfield code="e">manusforfatter</marc:subfield>
            <marc:subfield code="4">aus</marc:subfield>
            <marc:subfield code="0">nm0118224</marc:subfield>
            <marc:subfield code="1">https://www.imdb.com/name/nm0118224</marc:subfield>
        </marc:datafield>
        <marc:datafield ind1="1" ind2=" " tag="700">
            <marc:subfield code="a">Doyle, Patrick</marc:subfield>
            <marc:subfield code="d">1953-</marc:subfield>
            <marc:subfield code="e">komponist</marc:subfield>
            <marc:subfield code="4">cmp</marc:subfield>
            <marc:subfield code="0">nm0236462</marc:subfield>
            <marc:subfield code="1">https://www.imdb.com/name/nm0236462/</marc:subfield>
        </marc:datafield>
        <marc:datafield ind1="1" ind2=" " tag="700">
            <marc:subfield code="a">Johnson, Hugh</marc:subfield>
            <marc:subfield code="d">19..-2015</marc:subfield>
            <marc:subfield code="e">filmfotograf</marc:subfield>
            <marc:subfield code="4">cng</marc:subfield>
            <marc:subfield code="0">nm0425244</marc:subfield>
            <marc:subfield code="1">https://www.imdb.com/name/nm0425244</marc:subfield>
        </marc:datafield>
        <marc:datafield ind1="1" ind2=" " tag="700">
            <marc:subfield code="a">Davis, John</marc:subfield>
            <marc:subfield code="d">1954-</marc:subfield>
            <marc:subfield code="e">filmprodusent</marc:subfield>
            <marc:subfield code="4">fmp</marc:subfield>
            <marc:subfield code="0">nm0204862</marc:subfield>
            <marc:subfield code="1">https://www.imdb.com/name/nm0204862</marc:subfield>
        </marc:datafield>
        <marc:datafield ind1="1" ind2=" " tag="700">
            <marc:subfield code="a">Godfrey, Wyck</marc:subfield>
            <marc:subfield code="e">filmprodusent</marc:subfield>
            <marc:subfield code="4">fmp</marc:subfield>
            <marc:subfield code="0">nm0324041</marc:subfield>
            <marc:subfield code="1">https://www.imdb.com/name/nm0324041</marc:subfield>
        </marc:datafield>
        <marc:datafield ind1="1" ind2=" " tag="700">
            <marc:subfield code="a">Speleers, Ed,</marc:subfield>
            <marc:subfield code="d">1988-</marc:subfield>
            <marc:subfield code="e">skuespiller</marc:subfield>
            <marc:subfield code="4">act</marc:subfield>
            <marc:subfield code="0">nm1968873</marc:subfield>
            <marc:subfield code="1">https://www.imdb.com/name/nm1968873/</marc:subfield>
        </marc:datafield>
        <marc:datafield ind1="1" ind2=" " tag="700">
            <marc:subfield code="a">Irons, Jeremy</marc:subfield>
            <marc:subfield code="d">1948-</marc:subfield>
            <marc:subfield code="e">skuespiller</marc:subfield>
            <marc:subfield code="4">act</marc:subfield>
            <marc:subfield code="0">nm0000460</marc:subfield>
            <marc:subfield code="1">https://www.imdb.com/name/nm0000460</marc:subfield>
        </marc:datafield>
        <marc:datafield ind1="1" ind2=" " tag="700">
            <marc:subfield code="a">Guillory, Sienna</marc:subfield>
            <marc:subfield code="d">1975-</marc:subfield>
            <marc:subfield code="e">skuespiller</marc:subfield>
            <marc:subfield code="4">act</marc:subfield>
            <marc:subfield code="0">nm0347149</marc:subfield>
            <marc:subfield code="1">https://www.imdb.com/name/nm0347149</marc:subfield>
        </marc:datafield>
    </marc:record>