
    <marc:record>
        <marc:leader>01057cam a22003257  4500</marc:leader>
        <marc:controlfield tag="001">a4312363</marc:controlfield>
        <marc:controlfield tag="003">SpMaBN</marc:controlfield>
        <marc:controlfield tag="005">20131121172608.5</marc:controlfield>
        <marc:controlfield tag="008">080730s2008    sp     | |||| 000 1 spa  </marc:controlfield>
        <marc:datafield ind1=" " ind2=" " tag="015">
            <marc:subfield code="a">MON0811</marc:subfield>
        </marc:datafield>
        <marc:datafield ind1=" " ind2=" " tag="017">
            <marc:subfield code="a">B 23897-2008</marc:subfield>
            <marc:subfield code="b">Oficina Depósito Legal Barcelona</marc:subfield>
            <marc:subfield code="z">B 28897-2008</marc:subfield>
        </marc:datafield>
        <marc:datafield ind1=" " ind2=" " tag="020">
            <marc:subfield code="a">978-84-92429-42-4</marc:subfield>
        </marc:datafield>
        <marc:datafield ind1=" " ind2=" " tag="035">
            <marc:subfield code="a">(OCoLC)433782447</marc:subfield>
        </marc:datafield>
        <marc:datafield ind1=" " ind2=" " tag="040">
            <marc:subfield code="a">SpMaBN</marc:subfield>
            <marc:subfield code="b">spa</marc:subfield>
            <marc:subfield code="c">SpMaBN</marc:subfield>
            <marc:subfield code="e">rdc</marc:subfield>
        </marc:datafield>
        <marc:datafield ind1="1" ind2=" " tag="041">
            <marc:subfield code="a">spa</marc:subfield>
            <marc:subfield code="h">eng</marc:subfield>
        </marc:datafield>
        <marc:datafield ind1="1" ind2=" " tag="100">
            <marc:subfield code="a">Paolini, Christopher</marc:subfield>
            <marc:subfield code="d">1983-</marc:subfield>
            <marc:subfield code="e">forfatter</marc:subfield>
            <marc:subfield code="4">aut</marc:subfield>
            <marc:subfield code="0">49468743</marc:subfield>
            <marc:subfield code="1">http://viaf.org/viaf/49468743</marc:subfield>
        </marc:datafield>
        <marc:datafield ind1="1" ind2="0" tag="240">
            <marc:subfield code="a">Eragon</marc:subfield>
            <marc:subfield code="l">Spansk</marc:subfield>
            <marc:subfield code="0">Q185449</marc:subfield>
            <marc:subfield code="1">https://www.wikidata.org/wiki/Q185449</marc:subfield>
            <!--			<marc:subfield code="i">has sequel work</marc:subfield>
			<marc:subfield code="4">http://rdaregistry.info/Elements/w/P10020</marc:subfield>
			<marc:subfield code="0">Q185449</marc:subfield>
			<marc:subfield code="1">https://www.wikidata.org/wiki/Q185449</marc:subfield> -->
        </marc:datafield>
        <marc:datafield ind1="1" ind2="0" tag="245">
            <marc:subfield code="a">Eragon</marc:subfield>
            <marc:subfield code="h">[Texto impreso] ;</marc:subfield>
            <marc:subfield code="b">Eldest</marc:subfield>
            <marc:subfield code="c">Christopher Paolini ; [traducción, Silvia Kómet y Enrique de Hériz].</marc:subfield>
        </marc:datafield>
        <marc:datafield ind1=" " ind2=" " tag="250">
            <marc:subfield code="a">1. utg.</marc:subfield>
        </marc:datafield>
        <marc:datafield ind1=" " ind2=" " tag="260">
            <marc:subfield code="a">Barcelona :</marc:subfield>
            <marc:subfield code="b">Roca,</marc:subfield>
            <marc:subfield code="c">2008</marc:subfield>
        </marc:datafield>
        <marc:datafield ind1=" " ind2=" " tag="300">
            <marc:subfield code="a">1481 s. ;</marc:subfield>
            <marc:subfield code="c">24 p.</marc:subfield>
        </marc:datafield>
        <marc:datafield ind1=" " ind2=" " tag="336">
            <!-- opprettet felt 3xx, vanlig bok -->
            <marc:subfield code="a">text</marc:subfield>
            <marc:subfield code="b">txt</marc:subfield>
            <marc:subfield code="0">http://rdaregistry.info/termList/RDAContentType/1020</marc:subfield>
            <marc:subfield code="2">rdacontent</marc:subfield>
        </marc:datafield>
        <marc:datafield ind1=" " ind2=" " tag="337">
            <marc:subfield code="a">unmediated</marc:subfield>
            <marc:subfield code="0">http://rdaregistry.info/termList/RDAMediaType/1007</marc:subfield>
            <marc:subfield code="2">rdamedia</marc:subfield>
        </marc:datafield>
        <marc:datafield ind1=" " ind2=" " tag="338">
            <!-- opprettet felt 3xx, -->
            <marc:subfield code="a">volume</marc:subfield>
            <marc:subfield code="0">http://rdaregistry.info/termList/RDACarrierType/1049</marc:subfield>
            <marc:subfield code="2">rdacarrier</marc:subfield>
        </marc:datafield>
        <marc:datafield ind1=" " ind2=" " tag="380">
            <!-- opprettet felt 3xx, -->
            <marc:subfield code="a">romaner</marc:subfield>
            <marc:subfield code="2">humord</marc:subfield>
        </marc:datafield>
        <marc:datafield ind1="0" ind2=" " tag="490">
            <marc:subfield code="a">[El legado]</marc:subfield>
            <marc:subfield code="v">l. 1-2</marc:subfield>
        </marc:datafield>
        <marc:datafield ind1="1" ind2=" " tag="700">
            <!-- oprettet felt for alle etterfølgere av denne boka | Eragon, nr. 2 -->
            <marc:subfield code="a">Paolini, Christopher</marc:subfield>
            <marc:subfield code="d">1983-</marc:subfield>
            <marc:subfield code="i">is succeeded by work</marc:subfield>
            <marc:subfield code="4">http://rdaregistry.info/Elements/w/succeededByWork.en</marc:subfield>
            <!-- http://rdaregistry.info/Elements/w/P10170 -->
            <marc:subfield code="t">Eldest</marc:subfield>
            <marc:subfield code="0">Q308982</marc:subfield>
            <marc:subfield code="1">https://www.wikidata.org/wiki/Q308982</marc:subfield>
        </marc:datafield>
        <marc:datafield ind1="1" ind2=" " tag="700">
            <!-- oprettet felt for alle etterfølgere av denne boka | Eragon, nr. 3 -->
            <marc:subfield code="a">Paolini, Christopher</marc:subfield>
            <marc:subfield code="d">1983-</marc:subfield>
            <marc:subfield code="i">is succeeded by work</marc:subfield>
            <marc:subfield code="4">http://rdaregistry.info/Elements/w/succeededByWork.en</marc:subfield>
            <!-- http://rdaregistry.info/Elements/w/P10170 -->
            <marc:subfield code="t">Brisingr</marc:subfield>
            <marc:subfield code="0">Q718289</marc:subfield>
            <marc:subfield code="1">https://www.wikidata.org/wiki/Q718289</marc:subfield>
        </marc:datafield>
        <marc:datafield ind1="1" ind2=" " tag="700">
            <!-- oprettet felt for alle etterfølgere av denne boka | Eragon, nr. 4 -->
            <marc:subfield code="a">Paolini, Christopher</marc:subfield>
            <marc:subfield code="d">1983-</marc:subfield>
            <marc:subfield code="i">is succeeded by work</marc:subfield>
            <marc:subfield code="4">http://rdaregistry.info/Elements/w/succeededByWork.en</marc:subfield>
            <!-- http://rdaregistry.info/Elements/w/P10170 -->
            <marc:subfield code="t">Inheritance</marc:subfield>
            <marc:subfield code="0">Q60672</marc:subfield>
            <marc:subfield code="1">https://www.wikidata.org/wiki/Q60672</marc:subfield>
        </marc:datafield>
        <marc:datafield ind1="0" ind2="2" tag="740">
            <marc:subfield code="a">Eldest</marc:subfield>
        </marc:datafield>
        <marc:datafield ind1="1" ind2=" " tag="800">
            <!-- opprettet felt -->
            <marc:subfield code="a">Paolini, Christopher</marc:subfield>
            <marc:subfield code="d">1983-</marc:subfield>
            <marc:subfield code="t">Inheritance Cycle tetralogy</marc:subfield>
            <marc:subfield code="l">Spansk</marc:subfield>
            <marc:subfield code="0">Q2699024</marc:subfield>
            <marc:subfield code="1">https://www.wikidata.org/wiki/Q2699024</marc:subfield>
        </marc:datafield>
    </marc:record>