
    <marc:record>
        <marc:leader>01197nam a2200373 c 4500</marc:leader>
        <marc:controlfield tag="001">a5294445</marc:controlfield>
        <marc:controlfield tag="003">SpMaBN</marc:controlfield>
        <marc:controlfield tag="005">20121220095047.5</marc:controlfield>
        <marc:controlfield tag="008">121211s2012    sp     | |||| 000 1 cat  </marc:controlfield>
        <marc:datafield ind1=" " ind2=" " tag="015">
            <marc:subfield code="a">MON1212</marc:subfield>
        </marc:datafield>
        <marc:datafield ind1=" " ind2=" " tag="017">
            <marc:subfield code="a">B 25639-2012</marc:subfield>
            <marc:subfield code="b">Oficina Depósito Legal Barcelona</marc:subfield>
        </marc:datafield>
        <marc:datafield ind1=" " ind2=" " tag="020">
            <marc:subfield code="a">978-84-9930-596-7</marc:subfield>
        </marc:datafield>
        <marc:datafield ind1=" " ind2=" " tag="035">
            <marc:subfield code="a">(OCoLC)828342857</marc:subfield>
        </marc:datafield>
        <marc:datafield ind1=" " ind2=" " tag="040">
            <marc:subfield code="a">SpMaBN</marc:subfield>
            <marc:subfield code="b">spa</marc:subfield>
            <marc:subfield code="c">SpMaBN</marc:subfield>
            <marc:subfield code="e">rdc</marc:subfield>
        </marc:datafield>
        <marc:datafield ind1="1" ind2=" " tag="041">
            <marc:subfield code="a">cat</marc:subfield>
            <marc:subfield code="h">eng</marc:subfield>
        </marc:datafield>
        <marc:datafield ind1="1" ind2=" " tag="100">
            <marc:subfield code="a">Paolini, Christopher</marc:subfield>
            <marc:subfield code="d">1983-</marc:subfield>
            <marc:subfield code="e">forfatter</marc:subfield>
            <marc:subfield code="4">aut</marc:subfield>
            <marc:subfield code="0">49468743</marc:subfield>
            <marc:subfield code="1">http://viaf.org/viaf/49468743</marc:subfield>
        </marc:datafield>
        <marc:datafield ind1="0" ind2="0" tag="240">
            <marc:subfield code="a">Inheritance</marc:subfield>
            <marc:subfield code="l">Katalansk</marc:subfield>
            <marc:subfield code="0">Q60672</marc:subfield>
            <marc:subfield code="1">https://www.wikidata.org/wiki/Q60672</marc:subfield>
        </marc:datafield>
        <marc:datafield ind1="1" ind2="0" tag="245">
            <marc:subfield code="a">Llegat</marc:subfield>
            <marc:subfield code="c">Christopher Paolini ; traducció de Jordi Vidal i Tubau, Pau Bombardó i Carles Andreu Saburit.</marc:subfield>
        </marc:datafield>
        <marc:datafield ind1=" " ind2=" " tag="250">
            <marc:subfield code="a">1. utg.</marc:subfield>
        </marc:datafield>
        <marc:datafield ind1=" " ind2=" " tag="260">
            <marc:subfield code="a">[Barcelona] :</marc:subfield>
            <marc:subfield code="b">Labutxaca,</marc:subfield>
            <marc:subfield code="c">2012</marc:subfield>
        </marc:datafield>
        <marc:datafield ind1=" " ind2=" " tag="300">
            <marc:subfield code="a">813 s. ;</marc:subfield>
            <marc:subfield code="c">21 cm</marc:subfield>
        </marc:datafield>
        <marc:datafield ind1=" " ind2=" " tag="336">
            <!-- opprettet felt 3xx, vanlig bok -->
            <marc:subfield code="a">text</marc:subfield>
            <marc:subfield code="b">txt</marc:subfield>
            <marc:subfield code="0">http://rdaregistry.info/termList/RDAContentType/1020</marc:subfield>
            <marc:subfield code="2">rdacontent</marc:subfield>
        </marc:datafield>
        <marc:datafield ind1=" " ind2=" " tag="337">
            <marc:subfield code="a">unmediated</marc:subfield>
            <marc:subfield code="0">http://rdaregistry.info/termList/RDAMediaType/1007</marc:subfield>
            <marc:subfield code="2">rdamedia</marc:subfield>
        </marc:datafield>
        <marc:datafield ind1=" " ind2=" " tag="338">
            <!-- opprettet felt 3xx, -->
            <marc:subfield code="a">volume</marc:subfield>
            <marc:subfield code="0">http://rdaregistry.info/termList/RDACarrierType/1049</marc:subfield>
            <marc:subfield code="2">rdacarrier</marc:subfield>
        </marc:datafield>
        <marc:datafield ind1=" " ind2=" " tag="380">
            <!-- opprettet felt 3xx, -->
            <marc:subfield code="a">romaner</marc:subfield>
            <marc:subfield code="2">humord</marc:subfield>
        </marc:datafield>
        <marc:datafield ind1="0" ind2=" " tag="490">
            <marc:subfield code="a">El llegat</marc:subfield>
            <marc:subfield code="v">l. 4</marc:subfield>
        </marc:datafield>
        <marc:datafield ind1=" " ind2=" " tag="596">
            <marc:subfield code="a">På forsiden: Roca Editorial</marc:subfield>
        </marc:datafield>
        <marc:datafield ind1="1" ind2=" " tag="700">
            <!-- Bok nr.1 er en forkommer av denne her | denne boka går foran den du finner i 240-->
            <marc:subfield code="a">Paolini, Christopher</marc:subfield>
            <marc:subfield code="d">1983-</marc:subfield>
            <marc:subfield code="i">is preceded by work</marc:subfield>
            <marc:subfield code="4">http://rdaregistry.info/Elements/w/precededByWork.en</marc:subfield>
            <!-- http://rdaregistry.info/Elements/w/P10156 går foran -->
            <marc:subfield code="t">Eragon</marc:subfield>
            <marc:subfield code="0">Q185449</marc:subfield>
            <marc:subfield code="1">https://www.wikidata.org/wiki/Q185449</marc:subfield>
        </marc:datafield>
        <marc:datafield ind1="1" ind2=" " tag="700">
            <!-- Bok nr.1 er en forkommer av denne her | denne boka går foran den du finner i 240-->
            <marc:subfield code="a">Paolini, Christopher</marc:subfield>
            <marc:subfield code="d">1983-</marc:subfield>
            <marc:subfield code="i">is preceded by work</marc:subfield>
            <marc:subfield code="4">http://rdaregistry.info/Elements/w/precededByWork.en</marc:subfield>
            <!-- http://rdaregistry.info/Elements/w/P10156 går foran -->
            <marc:subfield code="a">Eldest</marc:subfield>
            <marc:subfield code="0">Q308982</marc:subfield>
            <marc:subfield code="1">https://www.wikidata.org/wiki/Q308982</marc:subfield>
        </marc:datafield>
        <marc:datafield ind1="1" ind2=" " tag="700">
            <!-- Bok nr.1 er en forkommer av denne her | denne boka går foran den du finner i 240-->
            <marc:subfield code="a">Paolini, Christopher</marc:subfield>
            <marc:subfield code="d">1983-</marc:subfield>
            <marc:subfield code="i">is preceded by work</marc:subfield>
            <marc:subfield code="4">http://rdaregistry.info/Elements/w/precededByWork.en</marc:subfield>
            <!-- http://rdaregistry.info/Elements/w/P10156 går foran -->
            <marc:subfield code="a">Brisingr</marc:subfield>
            <marc:subfield code="0">Q718289</marc:subfield>
            <marc:subfield code="1">https://www.wikidata.org/wiki/Q718289</marc:subfield>
        </marc:datafield>
        <marc:datafield ind1="1" ind2=" " tag="700">
            <marc:subfield code="a">Vidal i Tubau, Jordi</marc:subfield>
            <marc:subfield code="e">oversetter</marc:subfield>
            <marc:subfield code="4">trl</marc:subfield>
            <marc:subfield code="0">305116600</marc:subfield>
            <marc:subfield code="1">http://viaf.org/viaf/305116600</marc:subfield>
        </marc:datafield>
        <marc:datafield ind1="1" ind2=" " tag="700">
            <marc:subfield code="a">Bombardó Oriol, Pau</marc:subfield>
            <marc:subfield code="e">oversetter</marc:subfield>
            <marc:subfield code="4">trl</marc:subfield>
            <marc:subfield code="0">221079625</marc:subfield>
            <marc:subfield code="1">http://viaf.org/viaf/221079625</marc:subfield>
        </marc:datafield>
        <marc:datafield ind1="1" ind2=" " tag="700">
            <marc:subfield code="a">Andreu Saburit, Carles</marc:subfield>
            <marc:subfield code="e">oversetter</marc:subfield>
            <marc:subfield code="4">trl</marc:subfield>
            <marc:subfield code="0">169562564</marc:subfield>
            <marc:subfield code="1">http://viaf.org/viaf/169562564</marc:subfield>
        </marc:datafield>
        <marc:datafield ind1="1" ind2=" " tag="800">
            <!-- opprettet felt -->
            <marc:subfield code="a">Paolini, Christopher</marc:subfield>
            <marc:subfield code="d">1983-</marc:subfield>
            <marc:subfield code="t">Inheritance Cycle tetralogy</marc:subfield>
            <marc:subfield code="l">Spansk ;</marc:subfield>
            <marc:subfield code="v">4.</marc:subfield>
            <marc:subfield code="0">Q2699024</marc:subfield>
            <marc:subfield code="1">https://www.wikidata.org/wiki/Q2699024</marc:subfield>
        </marc:datafield>
    </marc:record>