
    <marc:record>
        <marc:leader>03625ngm a2200649 c 4500</marc:leader>
        <marc:controlfield tag="001">a6144090</marc:controlfield>
        <marc:controlfield tag="003">SpMaBN</marc:controlfield>
        <marc:controlfield tag="005">20180402103100.2</marc:controlfield>
        <marc:controlfield tag="007">vd*csaizk</marc:controlfield>
        <marc:controlfield tag="008">180328s2016    sp 168 g      q   vlspa  </marc:controlfield>
        <marc:datafield ind1=" " ind2=" " tag="015">
            <marc:subfield code="a">VD16</marc:subfield>
        </marc:datafield>
        <marc:datafield ind1=" " ind2=" " tag="017">
            <marc:subfield code="a">M 20680-2016</marc:subfield>
            <marc:subfield code="b">Oficina Depósito Legal Madrid</marc:subfield>
        </marc:datafield>
        <marc:datafield ind1="3" ind2=" " tag="024">
            <marc:subfield code="a">5051893141467</marc:subfield>
        </marc:datafield>
        <marc:datafield ind1="4" ind2="0" tag="028">
            <marc:subfield code="a">5000157105</marc:subfield>
            <marc:subfield code="b">Warner Bros.</marc:subfield>
        </marc:datafield>
        <marc:datafield ind1=" " ind2=" " tag="035">
            <marc:subfield code="a">(OCoLC)1030679600</marc:subfield>
        </marc:datafield>
        <marc:datafield ind1=" " ind2=" " tag="040">
            <marc:subfield code="a">SpMaBN</marc:subfield>
            <marc:subfield code="b">spa</marc:subfield>
            <marc:subfield code="c">SpMaBN</marc:subfield>
            <marc:subfield code="e">rdc</marc:subfield>
        </marc:datafield>
        <marc:datafield ind1="1" ind2=" " tag="041">
            <marc:subfield code="a">spa</marc:subfield>
            <marc:subfield code="a">cat</marc:subfield>
            <marc:subfield code="a">eng</marc:subfield>
            <marc:subfield code="a">ger</marc:subfield>
            <marc:subfield code="h">eng</marc:subfield>
            <marc:subfield code="j">mul</marc:subfield>
        </marc:datafield>
        <marc:datafield ind1="4" ind2=" " tag="130">
            <!-- opprettet felt -->
            <marc:subfield code="a">The Hobbit</marc:subfield>
            <marc:subfield code="l">flerspråklig</marc:subfield>
            <marc:subfield code="p">An Unexpected Journey</marc:subfield>
            <marc:subfield code="0">tt0903624</marc:subfield>
            <marc:subfield code="1">https://www.imdb.com/title/tt0903624/</marc:subfield>
        </marc:datafield>
        <marc:datafield ind1="0" ind2="4" tag="240">
            <!-- opprettet felt -->
            <marc:subfield code="a">The Hobbit</marc:subfield>
            <marc:subfield code="l">flerspråklig</marc:subfield>
            <marc:subfield code="p">An Unexpected Journey</marc:subfield>
            <marc:subfield code="0">tt0903624</marc:subfield>
            <marc:subfield code="1">https://www.imdb.com/title/tt0903624/</marc:subfield>
        </marc:datafield>
        <marc:datafield ind1="1" ind2="3" tag="245">
            <marc:subfield code="a">El hobbit.</marc:subfield>
            <marc:subfield code="p">Un viaje inesperado =</marc:subfield>
            <marc:subfield code="b">The hobbit.</marc:subfield>
            <marc:subfield code="p">An unexpected journey</marc:subfield>
            <marc:subfield code="c">dirigida por Peter Jackson
			; producida por Carolynne Cunningham, Zane Weiner, Fran Walsh, Peter Jackson
			; guión de Fran Walsh y Philippa Boyens y Peter Jackson y Guillermo del Toro
			; director de fotografía, Andrew Lesnie ; música de Howard Shore.</marc:subfield>
        </marc:datafield>
        <marc:datafield ind1="3" ind2="0" tag="246">
            <marc:subfield code="a">Viaje inesperado</marc:subfield>
        </marc:datafield>
        <marc:datafield ind1=" " ind2=" " tag="250">
            <marc:subfield code="a">Utgave ikke til utlån</marc:subfield>
        </marc:datafield>
        <marc:datafield ind1=" " ind2=" " tag="260">
            <marc:subfield code="a">[Madrid] :</marc:subfield>
            <marc:subfield code="b">distribuida por Warner Bros.,</marc:subfield>
            <marc:subfield code="c">D.L. 2016</marc:subfield>
        </marc:datafield>
        <marc:datafield ind1=" " ind2=" " tag="300">
            <marc:subfield code="a">1 Blu-ray (ca. 168 min) :</marc:subfield>
            <marc:subfield code="b">son., koll.</marc:subfield>
        </marc:datafield>
        <marc:datafield ind1=" " ind2=" " tag="336">
            <!-- opprettet felt -->
            <marc:subfield code="a">two-dimensional moving image</marc:subfield>
            <marc:subfield code="b">tdi</marc:subfield>
            <marc:subfield code="0">http://rdaregistry.info/termList/RDAContentType/1023</marc:subfield>
            <marc:subfield code="2">rdacontent</marc:subfield>
        </marc:datafield>
        <marc:datafield ind1=" " ind2=" " tag="337">
            <!-- opprettet felt -->
            <marc:subfield code="a">video</marc:subfield>
            <marc:subfield code="0">http://rdaregistry.info/termList/RDAMediaType/1008</marc:subfield>
            <marc:subfield code="2">rdamedia</marc:subfield>
        </marc:datafield>
        <marc:datafield ind1=" " ind2=" " tag="338">
            <!-- opprettet felt -->
            <marc:subfield code="a">videodisc</marc:subfield>
            <marc:subfield code="0">http://rdaregistry.info/termList/RDACarrierType/1060</marc:subfield>
            <marc:subfield code="2">rdacarrier</marc:subfield>
        </marc:datafield>
        <marc:datafield ind1=" " ind2=" " tag="380">
            <!-- opprettet felt -->
            <marc:subfield code="a">spillefilmer</marc:subfield>
            <marc:subfield code="2">humord</marc:subfield>
        </marc:datafield>
        <marc:datafield ind1=" " ind2=" " tag="500">
            <marc:subfield code="a">Basada en la obra "El Hobbit" de J.R.R.Tolkien</marc:subfield>
        </marc:datafield>
        <marc:datafield ind1="1" ind2=" " tag="511">
            <marc:subfield code="a">Martin Freeman, Ian McKellen, Richard Armitage</marc:subfield>
        </marc:datafield>
        <marc:datafield ind1=" " ind2=" " tag="518">
            <marc:subfield code="a">Largometraje producido en Estados Unidos en 2012</marc:subfield>
        </marc:datafield>
        <marc:datafield ind1="3" ind2=" " tag="520">
            <marc:subfield code="a">Precuela de la trilogía de El señor de los anillos.
			En compañía del mago Gandalf y de trece enanos, el hobbit Bilbo Bolsón emprende un
			viaje a través del país de los elfos y los bosques de los trolls,
			desde las mazmorras de los orcos hasta la Montaña Solitaria, donde el dragón Smaug esconde
			el tesoro de los Enanos. Finalmente, en las profundidades de la Tierra, encuentra el Anillo Único.
			Ese anillo buscado y codiciado y que dará origen a sangre, guerra y dolor</marc:subfield>
        </marc:datafield>
        <marc:datafield ind1="1" ind2=" " tag="521">
            <marc:subfield code="a">No recomendada para menores de 7 años</marc:subfield>
        </marc:datafield>
        <marc:datafield ind1=" " ind2=" " tag="546">
            <marc:subfield code="a">Versiones en castellano, inglés, alemán y catalán,
			con subtítulos opcionales en castellano, árabe, búlgaro, finlandés, danés, hebreo,
			húngaro, islandés, noruego, polaco, portugués, rumano y sueco</marc:subfield>
        </marc:datafield>
        <marc:datafield ind1=" " ind2="4" tag="655">
            <marc:subfield code="a">Fantasyfilmer</marc:subfield>
        </marc:datafield>
        <marc:datafield ind1=" " ind2="4" tag="655">
            <marc:subfield code="a">Eventyrfilm, action</marc:subfield>
        </marc:datafield>
        <marc:datafield ind1="1" ind2=" " tag="700">
            <marc:subfield code="a">Tolkien, J.R.R.</marc:subfield>
            <marc:subfield code="q">(John Ronald Reuel)</marc:subfield>
            <marc:subfield code="d">1892-1973</marc:subfield>
            <marc:subfield code="t">The Hobbit</marc:subfield>
            <marc:subfield code="0">Q74287</marc:subfield>
            <marc:subfield code="i">is adapted as motion picture work</marc:subfield>
            <marc:subfield code="4">http://rdaregistry.info/Elements/w/P10025</marc:subfield>
            <marc:subfield code="1">https://www.wikidata.org/wiki/Q74287</marc:subfield>
        </marc:datafield>
        <marc:datafield ind1="1" ind2=" " tag="700">
            <marc:subfield code="a">Jackson, Peter</marc:subfield>
            <marc:subfield code="d">1961-</marc:subfield>
            <marc:subfield code="e">filmregissør</marc:subfield>
            <marc:subfield code="4">fmd</marc:subfield>
            <marc:subfield code="e">manusforfatter</marc:subfield>
            <marc:subfield code="4">aus</marc:subfield>
            <marc:subfield code="e">filmprodusent</marc:subfield>
            <marc:subfield code="4">fmp</marc:subfield>
            <marc:subfield code="0">nm0001392</marc:subfield>
            <marc:subfield code="1">https://www.imdb.com/name/nm0001392/</marc:subfield>
        </marc:datafield>
        <marc:datafield ind1="1" ind2=" " tag="700">
            <marc:subfield code="a">Cunningham, Carolynne</marc:subfield>
            <marc:subfield code="d">1964-</marc:subfield>
            <marc:subfield code="4">fmp</marc:subfield>
            <marc:subfield code="e">filmprodusent</marc:subfield>
            <marc:subfield code="0">nm0192254</marc:subfield>
            <marc:subfield code="1">https://www.imdb.com/name/nm0192254/</marc:subfield>
        </marc:datafield>
        <marc:datafield ind1="1" ind2=" " tag="700">
            <marc:subfield code="a">Weiner, Zane</marc:subfield>
            <marc:subfield code="d">1963-</marc:subfield>
            <marc:subfield code="4">fmp</marc:subfield>
            <marc:subfield code="e">filmprodusent</marc:subfield>
            <marc:subfield code="0">nm0003406</marc:subfield>
            <marc:subfield code="1">https://www.imdb.com/name/nm0003406/</marc:subfield>
        </marc:datafield>
        <marc:datafield ind1="1" ind2=" " tag="700">
            <marc:subfield code="a">Walsh, Fran</marc:subfield>
            <marc:subfield code="d">1959-</marc:subfield>
            <marc:subfield code="4">fmp</marc:subfield>
            <marc:subfield code="e">filmprodusent</marc:subfield>
            <marc:subfield code="4">aus</marc:subfield>
            <marc:subfield code="e">manusforfatter</marc:subfield>
            <marc:subfield code="0">nm0909638</marc:subfield>
            <marc:subfield code="1">https://www.imdb.com/name/nm0909638/</marc:subfield>
        </marc:datafield>
        <marc:datafield ind1="1" ind2=" " tag="700">
            <marc:subfield code="a">Boyens, Philippa</marc:subfield>
            <marc:subfield code="4">aus</marc:subfield>
            <marc:subfield code="e">manusforfatter</marc:subfield>
            <marc:subfield code="4">fmp</marc:subfield>
            <marc:subfield code="e">filmprodusent</marc:subfield>
            <marc:subfield code="0">nm0101991</marc:subfield>
            <marc:subfield code="1">https://www.imdb.com/name/nm0101991/</marc:subfield>
        </marc:datafield>
        <marc:datafield ind1="1" ind2=" " tag="700">
            <marc:subfield code="a">Toro, Guillermo del</marc:subfield>
            <marc:subfield code="d">1964-</marc:subfield>
            <marc:subfield code="e">manusforfatter</marc:subfield>
            <marc:subfield code="4">aus</marc:subfield>
            <marc:subfield code="0">nm0868219</marc:subfield>
            <marc:subfield code="1">https://www.imdb.com/name/nm0868219/</marc:subfield>
        </marc:datafield>
        <marc:datafield ind1="1" ind2=" " tag="700">
            <marc:subfield code="a">Lesnie, Andrew</marc:subfield>
            <marc:subfield code="d">1956-2015</marc:subfield>
            <marc:subfield code="e">filmfotograf</marc:subfield>
            <marc:subfield code="4">cng</marc:subfield>
            <marc:subfield code="0">nm0504226</marc:subfield>
            <marc:subfield code="1">https://www.imdb.com/name/nm0504226/</marc:subfield>
        </marc:datafield>
        <marc:datafield ind1="1" ind2=" " tag="700">
            <marc:subfield code="a">Shore, Howard</marc:subfield>
            <marc:subfield code="d">1946-</marc:subfield>
            <marc:subfield code="e">komponist</marc:subfield>
            <marc:subfield code="4">cmp</marc:subfield>
            <marc:subfield code="0">nm0006290</marc:subfield>
            <marc:subfield code="1">https://www.imdb.com/name/nm0006290</marc:subfield>
        </marc:datafield>
        <marc:datafield ind1="1" ind2=" " tag="700">
            <marc:subfield code="a">Tolkien, J.R.R.</marc:subfield>
            <marc:subfield code="q">(John Ronald Reuel)</marc:subfield>
            <marc:subfield code="d">1892-1973</marc:subfield>
            <marc:subfield code="e">idéskaper</marc:subfield>
            <marc:subfield code="4">ccp</marc:subfield>
            <marc:subfield code="0">95218067</marc:subfield>
            <marc:subfield code="1">http://viaf.org/viaf/95218067</marc:subfield>
        </marc:datafield>
        <marc:datafield ind1="1" ind2=" " tag="700">
            <marc:subfield code="a">Freeman, Martin</marc:subfield>
            <marc:subfield code="d">1971-</marc:subfield>
            <marc:subfield code="4">act</marc:subfield>
            <marc:subfield code="e">skuespiller</marc:subfield>
            <marc:subfield code="0">nm0293509</marc:subfield>
            <marc:subfield code="1">https://www.imdb.com/name/nm0293509/</marc:subfield>
        </marc:datafield>
        <marc:datafield ind1="1" ind2=" " tag="700">
            <marc:subfield code="a">McKellen, Ian</marc:subfield>
            <marc:subfield code="d">1939-</marc:subfield>
            <marc:subfield code="4">act</marc:subfield>
            <marc:subfield code="e">skuespiller</marc:subfield>
            <marc:subfield code="0">nm0005212</marc:subfield>
            <marc:subfield code="1">https://www.imdb.com/name/nm0005212/</marc:subfield>
        </marc:datafield>
        <marc:datafield ind1="1" ind2=" " tag="700">
            <marc:subfield code="a">Armitage, Richard</marc:subfield>
            <marc:subfield code="d">1971-</marc:subfield>
            <marc:subfield code="e">skuespiller</marc:subfield>
            <marc:subfield code="4">act</marc:subfield>
            <marc:subfield code="0">nm0035514</marc:subfield>
            <marc:subfield code="1">https://www.imdb.com/name/nm0035514/</marc:subfield>
        </marc:datafield>
        <marc:datafield ind1="1" ind2=" " tag="700">
            <!-- bok nr.3 er en etterkommer av denne her | | denne boka kommer etter den du finner i 240 -->
            <marc:subfield code="a">Jackson, Peter</marc:subfield>
            <marc:subfield code="d">1961-</marc:subfield>
            <marc:subfield code="i">is succeeded by work</marc:subfield>
            <marc:subfield code="4">http://rdaregistry.info/Elements/w/succeededByWork.en</marc:subfield>
            <!-- http://rdaregistry.info/Elements/w/P10170 -->
            <marc:subfield code="t">The Hobbit</marc:subfield>
            <marc:subfield code="p">The Desolation of Smaug</marc:subfield>
            <marc:subfield code="0">tt1170358</marc:subfield>
            <marc:subfield code="1">https://www.imdb.com/title/tt1170358/</marc:subfield>
        </marc:datafield>
        <marc:datafield ind1="1" ind2=" " tag="700">
            <marc:subfield code="a">Jackson, Peter</marc:subfield>
            <marc:subfield code="d">1961-</marc:subfield>
            <marc:subfield code="i">is succeeded by work</marc:subfield>
            <marc:subfield code="4">http://rdaregistry.info/Elements/w/succeededByWork.en</marc:subfield>
            <!-- http://rdaregistry.info/Elements/w/P10170 -->
            <marc:subfield code="t">The Hobbit</marc:subfield>
            <marc:subfield code="p">The Battle of the Five Armies</marc:subfield>
            <marc:subfield code="0">tt2310332</marc:subfield>
            <marc:subfield code="1">https://www.imdb.com/title/tt2310332/</marc:subfield>
        </marc:datafield>
        <marc:datafield ind1="1" ind2=" " tag="800">
            <!-- opprettet felt -->
            <marc:subfield code="a">Jackson, Peter.</marc:subfield>
            <marc:subfield code="d">1961-</marc:subfield>
            <marc:subfield code="t">The Hobbit trilogy</marc:subfield>
            <!-- filmtrilogien, Hobbit -->
            <marc:subfield code="l">Flerspråklig</marc:subfield>
            <marc:subfield code="v">1.</marc:subfield>
            <marc:subfield code="0">Q74331</marc:subfield>
            <marc:subfield code="1">https://www.wikidata.org/wiki/Q74331</marc:subfield>
            <!-- filmtrilogien -->
        </marc:datafield>
    </marc:record>