
    <marc:record>
        <marc:leader>02147nam a2200445 b 4500</marc:leader>
        <marc:controlfield tag="001">Mimo0002230636</marc:controlfield>
        <marc:controlfield tag="003">SpMaBN</marc:controlfield>
        <marc:controlfield tag="005">20180810005029.6</marc:controlfield>
        <marc:controlfield tag="008">060206s2006    sp |          ||| ||spa  </marc:controlfield>
        <marc:datafield ind1="7" ind2=" " tag="016">
            <marc:subfield code="a">bimoBNE20060115658</marc:subfield>
            <marc:subfield code="2">SpMaBN</marc:subfield>
        </marc:datafield>
        <marc:datafield ind1=" " ind2=" " tag="017">
            <marc:subfield code="a">B 44383-2005</marc:subfield>
            <marc:subfield code="b">Oficina Depósito Legal Barcelona</marc:subfield>
        </marc:datafield>
        <marc:datafield ind1=" " ind2=" " tag="020">
            <marc:subfield code="a">84-450-7577-2</marc:subfield>
        </marc:datafield>
        <marc:datafield ind1=" " ind2=" " tag="035">
            <marc:subfield code="a">(OCoLC)218217641</marc:subfield>
        </marc:datafield>
        <marc:datafield ind1=" " ind2=" " tag="040">
            <marc:subfield code="a">SpMaBN</marc:subfield>
            <marc:subfield code="b">spa</marc:subfield>
            <marc:subfield code="c">SpMaBN</marc:subfield>
            <marc:subfield code="e">rdc</marc:subfield>
        </marc:datafield>
        <marc:datafield ind1="1" ind2=" " tag="041">
            <marc:subfield code="a">spa</marc:subfield>
            <marc:subfield code="h">eng</marc:subfield>
        </marc:datafield>
        <marc:datafield ind1="1" ind2=" " tag="100">
            <marc:subfield code="a">Tolkien, J.R.R.</marc:subfield>
            <marc:subfield code="q">(John Ronald Reuel)</marc:subfield>
            <marc:subfield code="d">1892-1973</marc:subfield>
            <marc:subfield code="e">forfatter</marc:subfield>
            <marc:subfield code="4">aut</marc:subfield>
            <marc:subfield code="0">95218067</marc:subfield>
            <marc:subfield code="1">http://viaf.org/viaf/95218067</marc:subfield>
        </marc:datafield>
        <marc:datafield ind1="1" ind2="4" tag="240">
            <marc:subfield code="a">The Silmarillion</marc:subfield>
            <marc:subfield code="l">Spansk</marc:subfield>
            <marc:subfield code="0">Q79762</marc:subfield>
            <marc:subfield code="1">https://www.wikidata.org/wiki/Q79762</marc:subfield>
        </marc:datafield>
        <marc:datafield ind1="1" ind2="3" tag="245">
            <marc:subfield code="a">El silmarillion</marc:subfield>
            <marc:subfield code="h">[Texto impreso]</marc:subfield>
            <marc:subfield code="c">J.R.R. Tolkien ; edición de Christopher Tolkien ; [traducción de Rubén Masera y Luis Domènech].</marc:subfield>
        </marc:datafield>
        <marc:datafield ind1=" " ind2=" " tag="250">
            <marc:subfield code="a">1. utg.</marc:subfield>
        </marc:datafield>
        <marc:datafield ind1=" " ind2=" " tag="260">
            <marc:subfield code="a">Barcelona :</marc:subfield>
            <marc:subfield code="b">Booket ,</marc:subfield>
            <marc:subfield code="c">2006</marc:subfield>
        </marc:datafield>
        <marc:datafield ind1=" " ind2=" " tag="300">
            <marc:subfield code="a">432 s. ;</marc:subfield>
            <marc:subfield code="c">19 cm</marc:subfield>
        </marc:datafield>
        <marc:datafield ind1=" " ind2=" " tag="336">
            <!-- opprettet felt 3xx, -->
            <marc:subfield code="a">text</marc:subfield>
            <marc:subfield code="b">txt</marc:subfield>
            <marc:subfield code="0">http://rdaregistry.info/termList/RDAContentType/1020</marc:subfield>
            <marc:subfield code="2">rdacontent</marc:subfield>
        </marc:datafield>
        <marc:datafield ind1=" " ind2=" " tag="337">
            <!-- oprettet 337 felt, oftest vanlig bok -->
            <marc:subfield code="a">unmediated</marc:subfield>
            <marc:subfield code="0">http://rdaregistry.info/termList/RDAMediaType/1007</marc:subfield>
            <marc:subfield code="2">rdamedia</marc:subfield>
        </marc:datafield>
        <marc:datafield ind1=" " ind2=" " tag="338">
            <!-- opprettet felt 3xx, Bøker (ikke-e-bok)-->
            <marc:subfield code="a">volume</marc:subfield>
            <marc:subfield code="0">http://rdaregistry.info/termList/RDACarrierType/1049</marc:subfield>
            <marc:subfield code="2">rdacarrier</marc:subfield>
        </marc:datafield>
        <marc:datafield ind1=" " ind2=" " tag="380">
            <!-- opprettet felt 3xx, -->
            <marc:subfield code="a">romaner</marc:subfield>
            <marc:subfield code="2">humord</marc:subfield>
        </marc:datafield>
        <marc:datafield ind1=" " ind2=" " tag="380">
            <!-- opprettet felt 3xx, -->
            <marc:subfield code="a">fantastisk litteratur</marc:subfield>
            <marc:subfield code="2">humord</marc:subfield>
        </marc:datafield>
        <marc:datafield ind1=" " ind2=" " tag="380">
            <!-- opprettet felt 3xx, -->
            <marc:subfield code="a">mytedannelse</marc:subfield>
            <marc:subfield code="2">humord</marc:subfield>
        </marc:datafield>
        <marc:datafield ind1="1" ind2=" " tag="490">
            <marc:subfield code="a">Biblioteca J.R.R. Tolkien</marc:subfield>
            <marc:subfield code="v">5017/5</marc:subfield>
        </marc:datafield>
        <marc:datafield ind1=" " ind2=" " tag="594">
            <marc:subfield code="a">Oversettelse av: The silmarillion</marc:subfield>
        </marc:datafield>
        <marc:datafield ind1=" " ind2=" " tag="596">
            <marc:subfield code="a">På forsiden: Minotauro</marc:subfield>
        </marc:datafield>
        <marc:datafield ind1="1" ind2=" " tag="700">
            <marc:subfield code="a">Tolkien, Christopher</marc:subfield>
            <marc:subfield code="d">1924-</marc:subfield>
            <marc:subfield code="e">redaktør</marc:subfield>
            <marc:subfield code="4">edt</marc:subfield>
            <marc:subfield code="e">bidragsyter</marc:subfield>
            <marc:subfield code="4">ctb</marc:subfield>
            <marc:subfield code="0">12315790</marc:subfield>
            <marc:subfield code="1">http://viaf.org/viaf/12315790</marc:subfield>
        </marc:datafield>
        <marc:datafield ind1="1" ind2=" " tag="800">
            <marc:subfield code="a">Tolkien, J.R.R.</marc:subfield>
            <marc:subfield code="q">(John Ronald Reuel)</marc:subfield>
            <marc:subfield code="d">1892-1973</marc:subfield>
            <marc:subfield code="t">Biblioteca J.R.R. Tolkien (Booket (Editorial))</marc:subfield>
            <marc:subfield code="v">5017/5</marc:subfield>
        </marc:datafield>
    </marc:record>