
    <marc:record>
        <marc:leader>01089nam a22003257c 4500</marc:leader>
        <marc:controlfield tag="001">a5535213</marc:controlfield>
        <marc:controlfield tag="003">SpMaBN</marc:controlfield>
        <marc:controlfield tag="005">20150212134223.5</marc:controlfield>
        <marc:controlfield tag="008">140909s2014    sp a   | |||| 000 0 spa  </marc:controlfield>
        <marc:datafield ind1=" " ind2=" " tag="015">
            <marc:subfield code="a">MON1409</marc:subfield>
        </marc:datafield>
        <marc:datafield ind1=" " ind2=" " tag="017">
            <marc:subfield code="a">B 9344-2014</marc:subfield>
            <marc:subfield code="b">Oficina Depósito Legal Barcelona</marc:subfield>
        </marc:datafield>
        <marc:datafield ind1=" " ind2=" " tag="020">
            <marc:subfield code="z">8436017221961</marc:subfield>
        </marc:datafield>
        <marc:datafield ind1=" " ind2=" " tag="035">
            <marc:subfield code="a">(OCoLC)892527028</marc:subfield>
        </marc:datafield>
        <marc:datafield ind1=" " ind2=" " tag="040">
            <marc:subfield code="a">SpMaBN</marc:subfield>
            <marc:subfield code="b">spa</marc:subfield>
            <marc:subfield code="c">SpMaBN</marc:subfield>
            <marc:subfield code="e">rdc</marc:subfield>
        </marc:datafield>
        <marc:datafield ind1="1" ind2=" " tag="041">
            <marc:subfield code="a">spa</marc:subfield>
            <marc:subfield code="h">eng</marc:subfield>
        </marc:datafield>
        <marc:datafield ind1="1" ind2=" " tag="100">
            <marc:subfield code="a">Ryder-Hanrahan, Gareth</marc:subfield>
            <marc:subfield code="e">forfatter</marc:subfield>
            <marc:subfield code="4">aut</marc:subfield>
            <marc:subfield code="0">225113205</marc:subfield>
            <marc:subfield code="1">http://viaf.org/viaf/225113205</marc:subfield>
        </marc:datafield>
        <marc:datafield ind1="1" ind2="3" tag="240">
            <!-- opprettet marc-felt -->
            <marc:subfield code="a">El corazón del Yermo</marc:subfield>
            <marc:subfield code="l">Spansk</marc:subfield>
            <marc:subfield code="0">892527028</marc:subfield>
            <marc:subfield code="1">http://www.worldcat.org/oclc/892527028</marc:subfield>
        </marc:datafield>
        <marc:datafield ind1="1" ind2="3" tag="245">
            <marc:subfield code="a">El corazón del Yermo</marc:subfield>
            <marc:subfield code="c">[escrito por Gareth Ryder-Hanrahan y Francesco Nepitello ; traducción, "Kulturny"]</marc:subfield>
        </marc:datafield>
        <marc:datafield ind1=" " ind2=" " tag="260">
            <marc:subfield code="a">Barcelona :</marc:subfield>
            <marc:subfield code="b">Devir,</marc:subfield>
            <marc:subfield code="c">D.L. 2014</marc:subfield>
        </marc:datafield>
        <marc:datafield ind1=" " ind2=" " tag="300">
            <marc:subfield code="a">128 s. :</marc:subfield>
            <marc:subfield code="b">il. col. y n., mapas col.</marc:subfield>
            <marc:subfield code="c">29 cm</marc:subfield>
        </marc:datafield>
        <!-- bildebok -->
        <marc:datafield ind1=" " ind2=" " tag="336">
            <!-- opprettet felt 3xx, -->
            <marc:subfield code="a">still image</marc:subfield>
            <marc:subfield code="b">sti</marc:subfield>
            <marc:subfield code="0">http://rdaregistry.info/termList/RDAContentType/1014</marc:subfield>
            <marc:subfield code="2">rdacontent</marc:subfield>
        </marc:datafield>
        <marc:datafield ind1=" " ind2=" " tag="336">
            <!-- opprettet felt 336, bok med kart osv. -->
            <marc:subfield code="a">cartographic image</marc:subfield>
            <marc:subfield code="b">cri</marc:subfield>
            <marc:subfield code="0">http://rdaregistry.info/termList/RDAContentType/1002</marc:subfield>
            <marc:subfield code="2">rdacontent</marc:subfield>
        </marc:datafield>
        <marc:datafield ind1=" " ind2=" " tag="336">
            <!-- opprettet felt 3xx, -->
            <marc:subfield code="a">text</marc:subfield>
            <marc:subfield code="b">txt</marc:subfield>
            <marc:subfield code="0">http://rdaregistry.info/termList/RDAContentType/1020</marc:subfield>
            <marc:subfield code="2">rdacontent</marc:subfield>
        </marc:datafield>
        <marc:datafield ind1=" " ind2=" " tag="337">
            <!-- oprettet 337 felt, oftest vanlig bok -->
            <marc:subfield code="a">unmediated</marc:subfield>
            <marc:subfield code="0">http://rdaregistry.info/termList/RDAMediaType/1007</marc:subfield>
            <marc:subfield code="2">rdamedia</marc:subfield>
        </marc:datafield>
        <marc:datafield ind1=" " ind2=" " tag="338">
            <!-- opprettet felt 3xx, Bøker (ikke-e-bok)-->
            <marc:subfield code="a">volume</marc:subfield>
            <marc:subfield code="0">http://rdaregistry.info/termList/RDACarrierType/1049</marc:subfield>
            <marc:subfield code="2">rdacarrier</marc:subfield>
        </marc:datafield>
        <marc:datafield ind1=" " ind2=" " tag="380">
            <!-- opprettet felt 3xx, -->
            <marc:subfield code="a">romaner</marc:subfield>
            <marc:subfield code="2">humord</marc:subfield>
        </marc:datafield>
        <marc:datafield ind1=" " ind2=" " tag="380">
            <!-- opprettet felt 3xx, -->
            <marc:subfield code="a">fantastisk litteratur</marc:subfield>
            <marc:subfield code="2">humord</marc:subfield>
        </marc:datafield>
        <!--
        <marc:datafield ind1=" " ind2=" " tag="33seks">
            <marc:subfield code="a">Texto (visual)</marc:subfield>
            <marc:subfield code="2">isbdcontent</marc:subfield>
        </marc:datafield> 												gamle felt
        <marc:datafield ind1=" " ind2=" " tag="33syv">
            <marc:subfield code="a">sin mediación</marc:subfield>
            <marc:subfield code="2">isbdmedia</marc:subfield>
        </marc:datafield>-->
        <marc:datafield ind1="0" ind2=" " tag="490">
            <marc:subfield code="a">El anillo único</marc:subfield>
        </marc:datafield>
        <marc:datafield ind1=" " ind2=" " tag="500">
            <marc:subfield code="a">"Basado en las novelas de J.R.R. Tolkien"--Cubierta</marc:subfield>
        </marc:datafield>
        <marc:datafield ind1=" " ind2="4" tag="650">
            <marc:subfield code="a">Rollespill</marc:subfield>
            <!-- det er HER jeg ser det er brettspill -->
        </marc:datafield>
        <marc:datafield ind1="1" ind2=" " tag="700">
            <marc:subfield code="a">Nepitello, Francesco</marc:subfield>
            <marc:subfield code="d">1967-</marc:subfield>
            <marc:subfield code="e">brettspilldesigner</marc:subfield>
            <!-- her er ikke relatorkode noe passende (evt 'cre') her burde man brukt RDA-reg/termer-->
            <marc:subfield code="0">5465149235103176690000</marc:subfield>
            <marc:subfield code="1">http://viaf.org/viaf/5465149235103176690000</marc:subfield>
        </marc:datafield>
    </marc:record>