
    <marc:record>
        <marc:leader>01272ncm a22002411  450 </marc:leader>
        <marc:controlfield tag="001">03336255</marc:controlfield>
        <marc:controlfield tag="005">20130809182302.0</marc:controlfield>
        <marc:controlfield tag="008">000000s1977    xxu                 eng d</marc:controlfield>
        <marc:datafield ind1="1" ind2=" " tag="100">
            <!-- egnet felt, ikke 130 -->
            <marc:subfield code="a">Laws, Maury.</marc:subfield>
            <marc:subfield code="d">1923-2019</marc:subfield>
            <marc:subfield code="e">komponist</marc:subfield>
            <marc:subfield code="4">cmp</marc:subfield>
            <marc:subfield code="1">https://www.imdb.com/name/nm0493127/</marc:subfield>
            <marc:subfield code="0">nm0493127</marc:subfield>
        </marc:datafield>
        <!--
		<marc:datafield ind1="4" ind2="0" tag="1xx">130
			<marc:subfield code="a">The Hobbit: Original Soundtrack Songs</marc:subfield>
			<marc:subfield code="h">For klaver med underlagt tekst og besifring</marc:subfield>
			<marc:subfield code="0">0f7e42dc-d49c-4b7e-9d6c-4c064a76de86</marc:subfield>
			<marc:subfield code="1">https://musicbrainz.org/release/0f7e42dc-d49c-4b7e-9d6c-4c064a76de86</marc:subfield>
		</marc:datafield> gammel løsning -->
        <marc:datafield ind1="1" ind2="0" tag="240">
            <!-- opprettet marc-felt -->
            <marc:subfield code="a">Hobbitten eller Ud og hjem igen</marc:subfield>
            <marc:subfield code="p">for klaver med underlagt tekst og becifring</marc:subfield>
            <marc:subfield code="h">egnet for klaver ; underlagt tekst og besifring</marc:subfield>
            <marc:subfield code="l">Engelsk, Noter</marc:subfield>
            <marc:subfield code="o">Mark Nevin</marc:subfield>
            <marc:subfield code="0">458693872</marc:subfield>
            <marc:subfield code="1">http://www.worldcat.org/oclc/458693872</marc:subfield>
            <marc:subfield code="g">finnes også i musikkform-utgave ;</marc:subfield>
            <marc:subfield code="k">Original Soundtrack Songs</marc:subfield>
            <marc:subfield code="6">https://musicbrainz.org/release/0f7e42dc-d49c-4b7e-9d6c-4c064a76de86</marc:subfield>
            <!-- felt for musikkinnførsel -->
        </marc:datafield>
        <!--  gammel løsning
		<marc:datafield ind1="0" ind2="4" tag="24x">240
			<marc:subfield code="a">The Hobbit: Original Soundtrack Songs</marc:subfield>
			<marc:subfield code="h">For klaver med underlagt tekst og besifring</marc:subfield>
			<marc:subfield code="k">Original Soundtrack Songs</marc:subfield>
			<marc:subfield code="l">Engelsk, Noter</marc:subfield>
			<marc:subfield code="o">Mark Nevin</marc:subfield>
			<marc:subfield code="0">458693872</marc:subfield>
			<marc:subfield code="1">0f7e42dc-d49c-4b7e-9d6c-4c064a76de86</marc:subfield>
			<marc:subfield code="1">https://musicbrainz.org/release/0f7e42dc-d49c-4b7e-9d6c-4c064a76de86</marc:subfield> dette er for selve soundtracken 
		</marc:datafield> -->
        <marc:datafield ind1="1" ind2="0" tag="245">
            <marc:subfield code="a">Hobbitten eller Ud og hjem igen :</marc:subfield>
            <marc:subfield code="b">for klaver med underlagt tekst og becifring /</marc:subfield>
            <marc:subfield code="c">arrangeret af Mark Nevin.</marc:subfield>
        </marc:datafield>
        <marc:datafield ind1=" " ind2=" " tag="260">
            <marc:subfield code="a">Melville, N.Y. :</marc:subfield>
            <marc:subfield code="b">Belwin-Mills,</marc:subfield>
            <marc:subfield code="c">cop. 1977.</marc:subfield>
        </marc:datafield>
        <marc:datafield ind1=" " ind2=" " tag="300">
            <marc:subfield code="a">31 s., 8 tavler :</marc:subfield>
            <marc:subfield code="b">ill. ;</marc:subfield>
            <marc:subfield code="c">31 cm.</marc:subfield>
        </marc:datafield>
        <marc:datafield ind1=" " ind2=" " tag="336">
            <!-- opprettet felt 336, musikknoter -->
            <marc:subfield code="a">notated music</marc:subfield>
            <marc:subfield code="b">ntm</marc:subfield>
            <marc:subfield code="0">http://rdaregistry.info/termList/RDAContentType/1010</marc:subfield>
            <marc:subfield code="2">rdacontent</marc:subfield>
        </marc:datafield>
        <marc:datafield ind1=" " ind2=" " tag="336">
            <!-- opprettet felt 336, musikksangtekst -->
            <marc:subfield code="a">text</marc:subfield>
            <marc:subfield code="b">txt</marc:subfield>
            <marc:subfield code="0">http://rdaregistry.info/termList/RDAContentType/1020</marc:subfield>
            <marc:subfield code="2">rdacontent</marc:subfield>
        </marc:datafield>
        <marc:datafield ind1=" " ind2=" " tag="337">
            <!-- oprettet 337 felt, musikkuttrykk, ville vært audio dersom dette var musikk inkludert -->
            <marc:subfield code="a">unmediated</marc:subfield>
            <marc:subfield code="0">http://rdaregistry.info/termList/RDAMediaType/1007</marc:subfield>
            <marc:subfield code="2">rdamedia</marc:subfield>
        </marc:datafield>
        <marc:datafield ind1=" " ind2=" " tag="338">
            <!-- opprettet felt 3xx, Bøker (ikke-e-bok)-->
            <marc:subfield code="a">volume</marc:subfield>
            <marc:subfield code="0">http://rdaregistry.info/termList/RDACarrierType/1049</marc:subfield>
            <marc:subfield code="2">rdacarrier</marc:subfield>
        </marc:datafield>
        <marc:datafield ind1=" " ind2=" " tag="380">
            <!-- opprettet felt -->
            <marc:subfield code="a">musikknotasjon</marc:subfield>
            <marc:subfield code="2">humord</marc:subfield>
        </marc:datafield>
        <marc:datafield ind1=" " ind2=" " tag="500">
            <marc:subfield code="a">Teksten bearbejdet af Jules Bass efter J.R.R. Tolkien: The Hobbit, or, There and back again.</marc:subfield>
        </marc:datafield>
        <marc:datafield ind1=" " ind2=" " tag="500">
            <marc:subfield code="a">Sangene fra tegnefilmen: Hobbitten eller Ud og hjem igen.</marc:subfield>
        </marc:datafield>
        <marc:datafield ind1=" " ind2=" " tag="500">
            <marc:subfield code="a">Teksten bearbejdet af Jules Bass efter J.R.R. Tolkien: The Hobbit, or, There and back again.</marc:subfield>
        </marc:datafield>
        <marc:datafield ind1=" " ind2=" " tag="501">
            <marc:subfield code="a">Indhold: That's what Bilbo Baggins hates
			; The dwarves of yore ; The greatest adventure : The ballad of the hobbit
			; In the valley, ha, ha! ; Down, down to goblin town ; Gollum's riddle
			; Funny little things ; Roads ; Old fat spider ; Rollin' down the hole
			; The mountain king's return
			; Misty mountains cold
			; Down in the valley, ha, ha' : Smaug's death</marc:subfield>
        </marc:datafield>
        <!--
		<marc:datafield ind1="1" ind2=" " tag="700">
            <marc:subfield code="a">Laws, Maury</marc:subfield>
          	<marc:subfield code="q">(Maury Laws)</marc:subfield>
            <marc:subfield code="d">1923-2019</marc:subfield>
			<marc:subfield code="e">komponist</marc:subfield>
            <marc:subfield code="4">cmp</marc:subfield>
            <marc:subfield code="1">https://www.imdb.com/name/nm0493127/</marc:subfield>
            <marc:subfield code="0">nm0493127</marc:subfield>          	
        </marc:datafield> gammel entry fordi dette var en biinnførsel for 130-feltet -->
        <marc:datafield ind1="1" ind2=" " tag="700">
            <!-- hier (700-faktisk -->
            <marc:subfield code="a">Nevin, Mark.</marc:subfield>
            <marc:subfield code="e">Arrangør (musikk)</marc:subfield>
            <marc:subfield code="4">arr</marc:subfield>
            <marc:subfield code="1">https://viaf.org/viaf/270034962/</marc:subfield>
            <marc:subfield code="0">270034962</marc:subfield>
        </marc:datafield>
        <marc:datafield ind1="1" ind2=" " tag="700">
            <marc:subfield code="a">Bass, Jules.</marc:subfield>
            <marc:subfield code="d">1935-</marc:subfield>
            <marc:subfield code="1">https://www.imdb.com/name/nm0060072/</marc:subfield>
            <marc:subfield code="4">fmd</marc:subfield>
        </marc:datafield>
        <marc:datafield ind1="1" ind2=" " tag="700">
            <marc:subfield code="a">Tolkien, J.R.R.</marc:subfield>
            <marc:subfield code="q">(John Ronald Reuel)</marc:subfield>
            <marc:subfield code="d">1892-1973</marc:subfield>
            <marc:subfield code="e">idéskaper</marc:subfield>
            <marc:subfield code="4">ccp</marc:subfield>
            <marc:subfield code="0">95218067</marc:subfield>
            <marc:subfield code="1">http://viaf.org/viaf/95218067</marc:subfield>
        </marc:datafield>
        <marc:datafield ind1="0" ind2=" " tag="740">
            <marc:subfield code="a">Ud og hjem igen.</marc:subfield>
        </marc:datafield>
        <marc:datafield ind1="4" ind2=" " tag="740">
            <marc:subfield code="a">The hobbit.</marc:subfield>
        </marc:datafield>
    </marc:record>