
    <marc:record>
        <marc:leader>01723cjm a22004210  450 </marc:leader>
        <marc:controlfield tag="001">6242422</marc:controlfield>
        <marc:controlfield tag="005">201606070956000000.0</marc:controlfield>
        <marc:controlfield tag="007">s|||||||||||||</marc:controlfield>
        <marc:controlfield tag="008">000000s2006    xx                | eng d</marc:controlfield>
        <marc:datafield ind1="0" ind2=" " tag="041">
            <marc:subfield code="a">eng</marc:subfield>
            <marc:subfield code="a">art</marc:subfield>
        </marc:datafield>
        <marc:datafield ind1="2" ind2=" " tag="110">
            <!-- dette er musikkgruppa -->
            <marc:subfield code="a">Fellowship.</marc:subfield>
            <marc:subfield code="0">66f18ea0-695c-3e51-85ec-fa8da44beea1</marc:subfield>
            <marc:subfield code="1">https://musicbrainz.org/release-group/66f18ea0-695c-3e51-85ec-fa8da44beea1</marc:subfield>
        </marc:datafield>
        <marc:datafield ind1="1" ind2=" " tag="240">
            <!-- opprettet felt , var opprinnelig 130 -->
            <marc:subfield code="a">In Elven Lands</marc:subfield>
            <marc:subfield code="l">Engelsk</marc:subfield>
            <marc:subfield code="0">ccdfd405-d09f-4f94-bf49-cee52dcc85be</marc:subfield>
            <marc:subfield code="1">https://musicbrainz.org/release/ccdfd405-d09f-4f94-bf49-cee52dcc85be</marc:subfield>
        </marc:datafield>
        <marc:datafield ind1="1" ind2="0" tag="245">
            <marc:subfield code="a">In elven lands :</marc:subfield>
            <marc:subfield code="b">a musicological reconstruction inspired by the myths, poetry, and linguistic works of Professor J.R.R. Tolkien : performed on ancient and modern instruments /</marc:subfield>
            <marc:subfield code="c">The Fellowship (Jon Anderson, Caitlín Elizabeth, Carvin Knowles, Patrick Delaney, Ethan James, Adam Pike, David Uebersax, Stefan Kac, Eddie Freeman ... [et al.].</marc:subfield>
        </marc:datafield>
        <marc:datafield ind1=" " ind2=" " tag="260">
            <marc:subfield code="a">[S.l.] :</marc:subfield>
            <marc:subfield code="b">Voice Print,</marc:subfield>
            <marc:subfield code="c">[2006].</marc:subfield>
        </marc:datafield>
        <marc:datafield ind1=" " ind2=" " tag="300">
            <marc:subfield code="a">1 cd.</marc:subfield>
        </marc:datafield>
        <marc:datafield ind1=" " ind2=" " tag="336">
            <!-- opprettet felt for uttøvet musikk (3xx) -->
            <marc:subfield code="a">performed music</marc:subfield>
            <marc:subfield code="b">prm</marc:subfield>
            <marc:subfield code="0">http://rdaregistry.info/termList/RDAContentType/1011</marc:subfield>
            <marc:subfield code="2">rdacontent</marc:subfield>
        </marc:datafield>
        <marc:datafield ind1=" " ind2=" " tag="337">
            <!-- opprettet felt 3xx, e-bok -->
            <marc:subfield code="a">audio</marc:subfield>
            <marc:subfield code="0">http://rdaregistry.info/termList/RDAMediaType/1001</marc:subfield>
            <marc:subfield code="2">rdamedia</marc:subfield>
        </marc:datafield>
        <marc:datafield ind1=" " ind2=" " tag="338">
            <!-- opprettet felt 3xx, CD -->
            <marc:subfield code="a">audio disc</marc:subfield>
            <marc:subfield code="0">http://rdaregistry.info/termList/RDACarrierType/1004</marc:subfield>
            <marc:subfield code="2">rdacarrier</marc:subfield>
        </marc:datafield>
        <marc:datafield ind1=" " ind2=" " tag="380">
            <!-- opprettet felt 3xx, -->
            <marc:subfield code="a">musikkverker</marc:subfield>
            <marc:subfield code="2">humord</marc:subfield>
        </marc:datafield>
        <marc:datafield ind1=" " ind2=" " tag="380">
            <!-- opprettet felt -->
            <marc:subfield code="a">CD</marc:subfield>
            <marc:subfield code="2">humord</marc:subfield>
        </marc:datafield>
        <marc:datafield ind1=" " ind2=" " tag="500">
            <marc:subfield code="a">Voice Print VP 378 CD.</marc:subfield>
        </marc:datafield>
        <marc:datafield ind1=" " ind2=" " tag="500">
            <marc:subfield code="a">Tekster på indklæbet hæfte.</marc:subfield>
        </marc:datafield>
        <marc:datafield ind1=" " ind2=" " tag="500">
            <marc:subfield code="a">Indspillet 1998-2005.</marc:subfield>
        </marc:datafield>
        <marc:datafield ind1=" " ind2=" " tag="501">
            <marc:subfield code="a">Indhold:
			Tîr im
			; Dan Barlimans' jig
			; The silver bowl
			; The man in the moon
			; A verse to Elbereth Gilthóniel
			; Elechoi
			; Beware the wolf
			; Oromë: lord of the hunt
			; Creation hymn
			; When Dûrin woke
			; Eala Earendel
			; The sacred stones
			; The battle of evermore
			; The blood of kings
			; Verses to Elbereth Gilthoniel
			; The evening star</marc:subfield>
        </marc:datafield>
        <marc:datafield ind1=" " ind2="4" tag="650">
            <marc:subfield code="a">Verdensmusikk</marc:subfield>
        </marc:datafield>
        <marc:datafield ind1=" " ind2="4" tag="650">
            <marc:subfield code="a">Folkemusikk</marc:subfield>
        </marc:datafield>
        <marc:datafield ind1=" " ind2="4" tag="650">
            <marc:subfield code="a">Keltisk musikk</marc:subfield>
        </marc:datafield>
        <marc:datafield ind1=" " ind2="4" tag="650">
            <marc:subfield code="a">Middelalderen</marc:subfield>
        </marc:datafield>
        <marc:datafield ind1=" " ind2="4" tag="650">
            <marc:subfield code="a">Vokal</marc:subfield>
        </marc:datafield>
        <marc:datafield ind1=" " ind2="4" tag="650">
            <marc:subfield code="a">Instrumental</marc:subfield>
        </marc:datafield>
        <marc:datafield ind1=" " ind2="4" tag="650">
            <marc:subfield code="a">1990-1999</marc:subfield>
        </marc:datafield>
        <marc:datafield ind1=" " ind2="4" tag="650">
            <marc:subfield code="a">2000-2009</marc:subfield>
        </marc:datafield>
        <marc:datafield ind1=" " ind2="4" tag="650">
            <marc:subfield code="a">USA</marc:subfield>
        </marc:datafield>
        <marc:datafield ind1="1" ind2=" " tag="700">
            <marc:subfield code="a">Tolkien, J.R.R.</marc:subfield>
            <marc:subfield code="q">(John Ronald Reuel)</marc:subfield>
            <marc:subfield code="d">1892-1973</marc:subfield>
            <marc:subfield code="4">ccp</marc:subfield>
            <marc:subfield code="e">idéskaper</marc:subfield>
            <marc:subfield code="0">95218067</marc:subfield>
            <marc:subfield code="1">http://viaf.org/viaf/95218067</marc:subfield>
        </marc:datafield>
        <marc:datafield ind1="1" ind2=" " tag="700">
            <marc:subfield code="a">Anderson, Jon</marc:subfield>
            <marc:subfield code="0">24202038-7b02-4444-96c2-cf2fc7b81308</marc:subfield>
            <marc:subfield code="1">https://musicbrainz.org/artist/24202038-7b02-4444-96c2-cf2fc7b81308</marc:subfield>
        </marc:datafield>
        <marc:datafield ind1="1" ind2=" " tag="700">
            <marc:subfield code="a">Elizabeth, Caitlín</marc:subfield>
            <marc:subfield code="0">04c7f6d1-68d9-4904-bb90-2fe443b5b201</marc:subfield>
            <marc:subfield code="1">https://musicbrainz.org/artist/04c7f6d1-68d9-4904-bb90-2fe443b5b201</marc:subfield>
        </marc:datafield>
        <marc:datafield ind1="1" ind2=" " tag="700">
            <marc:subfield code="a">Knowles, Carvin</marc:subfield>
            <marc:subfield code="0">ec7ddc87-9891-44e3-a4eb-c23f75d9e488</marc:subfield>
            <marc:subfield code="1">https://musicbrainz.org/artist/ec7ddc87-9891-44e3-a4eb-c23f75d9e488</marc:subfield>
        </marc:datafield>
         hier 700
        <marc:datafield ind1="1" ind2=" " tag="700">
            <marc:subfield code="a">Delaney, Patrick</marc:subfield>
            <marc:subfield code="0">1185935</marc:subfield>
            <marc:subfield code="1">https://www.discogs.com/artist/1185935-The-Fellowship-2</marc:subfield>
        </marc:datafield>
        <marc:datafield ind1="1" ind2=" " tag="700">
            <marc:subfield code="a">James, Ethan</marc:subfield>
            <marc:subfield code="0">1185935</marc:subfield>
            <marc:subfield code="1">https://www.discogs.com/artist/1185935-The-Fellowship-2</marc:subfield>
        </marc:datafield>
        <marc:datafield ind1="1" ind2=" " tag="700">
            <marc:subfield code="a">Pike, Adam</marc:subfield>
            <marc:subfield code="0">1185935</marc:subfield>
            <marc:subfield code="1">https://www.discogs.com/artist/1185935-The-Fellowship-2</marc:subfield>
        </marc:datafield>
        <marc:datafield ind1="1" ind2=" " tag="700">
            <marc:subfield code="a">Uebersax, David</marc:subfield>
            <marc:subfield code="0">1185935</marc:subfield>
            <marc:subfield code="1">https://www.discogs.com/artist/1185935-The-Fellowship-2</marc:subfield>
        </marc:datafield>
        <marc:datafield ind1="1" ind2=" " tag="700">
            <marc:subfield code="a">Kac, Stefan</marc:subfield>
            <marc:subfield code="0">1185935</marc:subfield>
            <marc:subfield code="1">https://www.discogs.com/artist/1185935-The-Fellowship-2</marc:subfield>
        </marc:datafield>
        <marc:datafield ind1="1" ind2=" " tag="700">
            <marc:subfield code="a">Freeman, Eddie</marc:subfield>
            <marc:subfield code="0">1185935</marc:subfield>
            <marc:subfield code="1">https://www.discogs.com/artist/1185935-The-Fellowship-2</marc:subfield>
        </marc:datafield>
    </marc:record>