
    <marc:record>
        <marc:leader>00315nam a22001210  450 </marc:leader>
        <marc:controlfield tag="001">46132815</marc:controlfield>
        <marc:controlfield tag="005">20190124130749.0</marc:controlfield>
        <marc:controlfield tag="008">000000s2005    uik           00| u eng d</marc:controlfield>
        <marc:datafield ind1="1" ind2=" " tag="100">
            <marc:subfield code="a">Tolkien, J.R.R.</marc:subfield>
            <marc:subfield code="q">(John Ronald Reuel)</marc:subfield>
            <marc:subfield code="d">1892-1973</marc:subfield>
            <marc:subfield code="e">forfatter</marc:subfield>
            <marc:subfield code="4">aut</marc:subfield>
            <marc:subfield code="1">http://viaf.org/viaf/95218067</marc:subfield>
            <marc:subfield code="0">95218067</marc:subfield>
        </marc:datafield>
        <marc:datafield ind1="1" ind2="4" tag="240">
            <!-- opprettet marc-felt -->
            <marc:subfield code="a">The Lord of the Rings</marc:subfield>
            <!-- alle bøkene i en post, samlet utgave  -->
            <marc:subfield code="l">Engelsk</marc:subfield>
            <marc:subfield code="0">Q15228</marc:subfield>
            <marc:subfield code="1">https://www.wikidata.org/wiki/Q15228</marc:subfield>
        </marc:datafield>
        <marc:datafield ind1="1" ind2="0" tag="245">
            <marc:subfield code="a">The Lord of the Rings :</marc:subfield>
            <marc:subfield code="b">samlet utgave.</marc:subfield>
        </marc:datafield>
        <marc:datafield ind1=" " ind2=" " tag="260">
            <marc:subfield code="a">London :</marc:subfield>
            <marc:subfield code="b">HarperCollins,</marc:subfield>
            <marc:subfield code="c">2005.</marc:subfield>
        </marc:datafield>
        <marc:datafield ind1=" " ind2=" " tag="300">
            <marc:subfield code="a">1217 s.</marc:subfield>
        </marc:datafield>
        <marc:datafield ind1=" " ind2=" " tag="336">
            <!-- opprettet felt 336, vanlig bok -->
            <marc:subfield code="a">text</marc:subfield>
            <marc:subfield code="b">txt</marc:subfield>
            <marc:subfield code="0">http://rdaregistry.info/termList/RDAContentType/1020</marc:subfield>
            <marc:subfield code="2">rdacontent</marc:subfield>
        </marc:datafield>
        <marc:datafield ind1=" " ind2=" " tag="337">
            <!-- oprettet 337 felt, oftest vanlig bok -->
            <marc:subfield code="a">unmediated</marc:subfield>
            <marc:subfield code="0">http://rdaregistry.info/termList/RDAMediaType/1007</marc:subfield>
            <marc:subfield code="2">rdamedia</marc:subfield>
        </marc:datafield>
        <marc:datafield ind1=" " ind2=" " tag="338">
            <!-- opprettet felt 3xx, Bøker (ikke-e-bok)-->
            <marc:subfield code="a">volume</marc:subfield>
            <marc:subfield code="0">http://rdaregistry.info/termList/RDACarrierType/1049</marc:subfield>
            <marc:subfield code="2">rdacarrier</marc:subfield>
        </marc:datafield>
        <marc:datafield ind1=" " ind2=" " tag="380">
            <!-- opprettet felt 3xx, -->
            <marc:subfield code="a">romaner</marc:subfield>
            <marc:subfield code="2">humord</marc:subfield>
        </marc:datafield>
        <marc:datafield ind1=" " ind2=" " tag="380">
            <!-- opprettet felt 3xx, -->
            <marc:subfield code="a">fantastisk litteratur</marc:subfield>
            <marc:subfield code="2">humord</marc:subfield>
        </marc:datafield>
        <marc:datafield ind1=" " ind2=" " tag="380">
            <!-- opprettet felt 3xx, -->
            <marc:subfield code="a">epikk</marc:subfield>
            <marc:subfield code="2">humord</marc:subfield>
        </marc:datafield>
        <marc:datafield ind1="1" ind2="2" tag="700">
            <!-- egenopprettet | samlet utgave av Lotr -->
            <marc:subfield code="a">Tolkien, J.R.R.</marc:subfield>
            <marc:subfield code="q">(John Ronald Reuel)</marc:subfield>
            <marc:subfield code="d">1892-1973</marc:subfield>
            <marc:subfield code="t">The Fellowship of the Ring</marc:subfield>
            <marc:subfield code="l">Engelsk</marc:subfield>
            <marc:subfield code="0">Q208002</marc:subfield>
            <marc:subfield code="1">https://www.wikidata.org/wiki/Q208002</marc:subfield>
        </marc:datafield>
        <marc:datafield ind1="1" ind2="2" tag="700">
            <marc:subfield code="a">Tolkien, J.R.R.</marc:subfield>
            <marc:subfield code="q">(John Ronald Reuel)</marc:subfield>
            <marc:subfield code="d">1892-1973</marc:subfield>
            <marc:subfield code="t">The Two Towers</marc:subfield>
            <marc:subfield code="l">Engelsk</marc:subfield>
            <marc:subfield code="0">Q332388</marc:subfield>
            <marc:subfield code="1">https://www.wikidata.org/wiki/Q332388</marc:subfield>
        </marc:datafield>
        <marc:datafield ind1="1" ind2="2" tag="700">
            <marc:subfield code="a">Tolkien, J.R.R.</marc:subfield>
            <marc:subfield code="q">(John Ronald Reuel)</marc:subfield>
            <marc:subfield code="d">1892-1973</marc:subfield>
            <marc:subfield code="t">The Return of the King</marc:subfield>
            <marc:subfield code="l">Engelsk</marc:subfield>
            <marc:subfield code="0">Q332581</marc:subfield>
            <marc:subfield code="1">https://www.wikidata.org/wiki/Q332581</marc:subfield>
        </marc:datafield>
        <marc:datafield ind1="1" ind2=" " tag="800">
            <!-- opprettet felt -->
            <marc:subfield code="a">Tolkien, J.R.R.</marc:subfield>
            <marc:subfield code="q">(John Ronald Reuel)</marc:subfield>
            <marc:subfield code="d">1892-1973</marc:subfield>
            <marc:subfield code="t">The Lord of the Rings</marc:subfield>
            <!-- boktrilogien -->
            <marc:subfield code="l">Engelsk</marc:subfield>
            <marc:subfield code="0">Q15228</marc:subfield>
            <!-- boktrilogien -->
            <marc:subfield code="1">https://www.wikidata.org/wiki/Q15228</marc:subfield>
            <!-- boktrilogien -->
        </marc:datafield>
    </marc:record>