
    <marc:record>
        <marc:leader>02118ngm a22003490  450 </marc:leader>
        <marc:controlfield tag="001">28871643</marc:controlfield>
        <marc:controlfield tag="005">20130112022410.0</marc:controlfield>
        <marc:controlfield tag="007">vd||v||||</marc:controlfield>
        <marc:controlfield tag="008">000000s2011    dk                | mul d</marc:controlfield>
        <marc:datafield ind1="8" ind2=" " tag="024">
            <marc:subfield code="a">5707020381342</marc:subfield>
        </marc:datafield>
        <marc:datafield ind1="1" ind2=" " tag="041">
            <marc:subfield code="a">eng</marc:subfield>
            <marc:subfield code="b">eng</marc:subfield>
            <marc:subfield code="b">dan</marc:subfield>
            <marc:subfield code="b">ice</marc:subfield>
            <marc:subfield code="b">nor</marc:subfield>
            <marc:subfield code="b">hun</marc:subfield>
            <marc:subfield code="b">fin</marc:subfield>
            <marc:subfield code="b">swe</marc:subfield>
        </marc:datafield>
        <marc:datafield ind1="0" ind2=" " tag="130">
            <!-- opprettet felt -->
            <marc:subfield code="a">Eragon</marc:subfield>
            <marc:subfield code="l">flerspråklig</marc:subfield>
            <marc:subfield code="0">tt0449010</marc:subfield>
            <marc:subfield code="1">https://www.imdb.com/title/tt0449010/</marc:subfield>
        </marc:datafield>
        <marc:datafield ind1="1" ind2="0" tag="240">
            <!-- opprettet felt -->
            <marc:subfield code="a">Eragon</marc:subfield>
            <marc:subfield code="l">flerspråklig</marc:subfield>
            <marc:subfield code="0">tt0449010</marc:subfield>
            <marc:subfield code="1">https://www.imdb.com/title/tt0449010/</marc:subfield>
        </marc:datafield>
        <marc:datafield ind1="0" ind2="0" tag="245">
            <marc:subfield code="a">Eragon /</marc:subfield>
            <marc:subfield code="c">director of photography Hugh Johnson ; based upon the novel by Christopher Paolini ; screenplay by Peter Buchman ; produced by John Davis, Wyck Godfrey ; directed by Stefen Fangmeier. Den sorte rytter =</marc:subfield>
            <marc:subfield code="b">The dark is rising ; director of photography Joel Ransom ; produced by Marc Platt ; based on the novel The dark is rising by Susan Cooper ; screenplay by John Hodge ; directed by David L. Cunningham.</marc:subfield>
        </marc:datafield>
        <marc:datafield ind1=" " ind2=" " tag="260">
            <marc:subfield code="a">[Kbh.] :</marc:subfield>
            <marc:subfield code="b">SF Film,</marc:subfield>
            <marc:subfield code="c">[2011].</marc:subfield>
        </marc:datafield>
        <marc:datafield ind1=" " ind2=" " tag="300">
            <marc:subfield code="a">2 dvd-videoer (ca. 100, ca. 95 min.)</marc:subfield>
        </marc:datafield>
        <marc:datafield ind1=" " ind2=" " tag="336">
            <!-- opprettet felt -->
            <marc:subfield code="a">two-dimensional moving image</marc:subfield>
            <marc:subfield code="b">tdi</marc:subfield>
            <marc:subfield code="0">http://rdaregistry.info/termList/RDAContentType/1023</marc:subfield>
            <marc:subfield code="2">rdacontent</marc:subfield>
        </marc:datafield>
        <marc:datafield ind1=" " ind2=" " tag="337">
            <!-- opprettet felt -->
            <marc:subfield code="a">video</marc:subfield>
            <marc:subfield code="0">http://rdaregistry.info/termList/RDAMediaType/1008</marc:subfield>
            <marc:subfield code="2">rdamedia</marc:subfield>
        </marc:datafield>
        <marc:datafield ind1=" " ind2=" " tag="338">
            <!-- opprettet felt -->
            <marc:subfield code="a">videodisc</marc:subfield>
            <marc:subfield code="0">http://rdaregistry.info/termList/RDACarrierType/1060</marc:subfield>
            <marc:subfield code="2">rdacarrier</marc:subfield>
        </marc:datafield>
        <marc:datafield ind1=" " ind2=" " tag="380">
            <!-- opprettet felt -->
            <marc:subfield code="a">spillefilmer</marc:subfield>
            <marc:subfield code="2">humord</marc:subfield>
        </marc:datafield>
        <marc:datafield ind1=" " ind2=" " tag="500">
            <marc:subfield code="a">FS-SDK DFS 80038134.</marc:subfield>
        </marc:datafield>
        <marc:datafield ind1=" " ind2=" " tag="500">
            <marc:subfield code="a">Rygtitel: Eragon &amp; Den sorte rytter.</marc:subfield>
        </marc:datafield>
        <marc:datafield ind1=" " ind2=" " tag="500">
            <marc:subfield code="a">Eragon: Special edition. På dvd-etiketten: Disc 1.</marc:subfield>
        </marc:datafield>
        <marc:datafield ind1=" " ind2=" " tag="500">
            <marc:subfield code="a">Medvirkende: Eragon: Ed Speleers, Jeremy Irons, Sienna Guillory, Robert Carlyle,
			Djimon Hounsou, Garretyt Hedlund, Joss Stone, John Malkovich ... et al..</marc:subfield>
        </marc:datafield>
        <marc:datafield ind1=" " ind2=" " tag="500">
            <marc:subfield code="a">Medvirkende: Den sorte rytter: Alexander Ludwig, Christopher Eccleston,
			Frances Conroy, Wendy Crewson, Ian McShane ... et al..</marc:subfield>
        </marc:datafield>
        <marc:datafield ind1=" " ind2=" " tag="500">
            <marc:subfield code="a">Originalfilmene: Eragon: USA : Twentieth Century Fox : Dune Entertainment
			... et al., 2006. Den sorte rytter: USA : Twentieth Century Fox
			: Walden Media : Marc Platt Productions, 2007.</marc:subfield>
        </marc:datafield>
        <marc:datafield ind1="8" ind2=" " tag="521">
            <marc:subfield code="a">Mærkning: Tilladt for børn over 11 år.</marc:subfield>
        </marc:datafield>
        <marc:datafield ind1=" " ind2=" " tag="546">
            <marc:subfield code="a">Eragon: Engelsk tale, samt synkronisering på ungarsk.
			Undertekster på engelsk, dansk, islandsk, norsk, ungarsk, finsk og svensk.
			Med instruktørens kommentarer på engelsk.</marc:subfield>
        </marc:datafield>
        <marc:datafield ind1=" " ind2=" " tag="546">
            <marc:subfield code="a">Den sorte rytter: Engelsk tale. Undertekster på svensk, norsk, dansk og finsk. Tekstet for hørehæmmede på engelsk.</marc:subfield>
        </marc:datafield>
        <marc:datafield ind1="1" ind2=" " tag="700">
            <marc:subfield code="a">Paolini, Christopher</marc:subfield>
            <marc:subfield code="d">1983-</marc:subfield>
            <marc:subfield code="t">Eragon</marc:subfield>
            <marc:subfield code="0">Q185449</marc:subfield>
            <marc:subfield code="i">is adapted as motion picture work</marc:subfield>
            <marc:subfield code="4">http://rdaregistry.info/Elements/w/P10025</marc:subfield>
            <marc:subfield code="1">https://www.wikidata.org/wiki/Q185449</marc:subfield>
        </marc:datafield>
        <marc:datafield ind1="1" ind2=" " tag="700">
            <marc:subfield code="a">Johnson, Hugh.</marc:subfield>
            <marc:subfield code="d">19..-2015</marc:subfield>
            <marc:subfield code="e">filmfotograf</marc:subfield>
            <marc:subfield code="4">cng</marc:subfield>
            <marc:subfield code="0">nm0425244</marc:subfield>
            <marc:subfield code="1">https://www.imdb.com/name/nm0425244</marc:subfield>
        </marc:datafield>
        <marc:datafield ind1="1" ind2=" " tag="700">
            <marc:subfield code="a">Paolini, Christopher</marc:subfield>
            <marc:subfield code="d">1983-</marc:subfield>
            <marc:subfield code="e">forfatter</marc:subfield>
            <marc:subfield code="e">idéskaper</marc:subfield>
            <marc:subfield code="4">aut</marc:subfield>
            <marc:subfield code="4">ccp</marc:subfield>
            <marc:subfield code="0">49468743</marc:subfield>
            <marc:subfield code="1">http://viaf.org/viaf/49468743</marc:subfield>
        </marc:datafield>
        <marc:datafield ind1="1" ind2=" " tag="700">
            <marc:subfield code="a">Buchman, Peter</marc:subfield>
            <marc:subfield code="d">1967-</marc:subfield>
            <marc:subfield code="e">manusforfatter</marc:subfield>
            <marc:subfield code="4">aus</marc:subfield>
            <marc:subfield code="0">nm0118224</marc:subfield>
            <marc:subfield code="1">https://www.imdb.com/name/nm0118224</marc:subfield>
        </marc:datafield>
        <marc:datafield ind1="1" ind2=" " tag="700">
            <marc:subfield code="a">Fangmeier, Stefen</marc:subfield>
            <marc:subfield code="d">1960-</marc:subfield>
            <marc:subfield code="e">filmregissør</marc:subfield>
            <marc:subfield code="4">fmd</marc:subfield>
            <marc:subfield code="0">nm0266777</marc:subfield>
            <marc:subfield code="1">https://www.imdb.com/name/nm0266777</marc:subfield>
        </marc:datafield>
        <marc:datafield ind1="1" ind2=" " tag="700">
            <marc:subfield code="a">Davis, John</marc:subfield>
            <marc:subfield code="d">1954-</marc:subfield>
            <marc:subfield code="e">filmprodusent</marc:subfield>
            <marc:subfield code="4">fmp</marc:subfield>
            <marc:subfield code="0">nm0204862</marc:subfield>
            <marc:subfield code="1">https://www.imdb.com/name/nm0204862</marc:subfield>
        </marc:datafield>
        <marc:datafield ind1="1" ind2=" " tag="700">
            <marc:subfield code="a">Godfrey, Wyck</marc:subfield>
            <marc:subfield code="e">filmprodusent</marc:subfield>
            <marc:subfield code="4">fmp</marc:subfield>
            <marc:subfield code="0">nm0324041</marc:subfield>
            <marc:subfield code="1">https://www.imdb.com/name/nm0324041</marc:subfield>
            <!-- her starter innførsel for den andre filmen i posten (245$b) -->
        </marc:datafield>
        <marc:datafield ind1="1" ind2="2" tag="700">
            <!-- det frista veldig å putte dette i 730, som er for uniform title og ikke person... -->
            <marc:subfield code="a">Cunningham, David</marc:subfield>
            <marc:subfield code="d">1971-</marc:subfield>
            <marc:subfield code="t">The Seeker</marc:subfield>
            <marc:subfield code="p">The Dark Is Rising</marc:subfield>
            <marc:subfield code="l">flerspråklig</marc:subfield>
            <marc:subfield code="0">tt0484562</marc:subfield>
            <marc:subfield code="1">https://www.imdb.com/title/tt0484562</marc:subfield>
        </marc:datafield>
        <marc:datafield ind1="1" ind2=" " tag="700">
            <marc:subfield code="a">Ransom, Joel.</marc:subfield>
            <marc:subfield code="e">filmfotograf</marc:subfield>
            <marc:subfield code="4">cng</marc:subfield>
            <marc:subfield code="0">nm0710405</marc:subfield>
            <marc:subfield code="1">https://www.imdb.com/name/nm0710405</marc:subfield>
        </marc:datafield>
        <marc:datafield ind1="1" ind2=" " tag="700">
            <marc:subfield code="a">Cooper, Susan.</marc:subfield>
            <marc:subfield code="d">1935-</marc:subfield>
            <marc:subfield code="i">is adapted as motion picture work</marc:subfield>
            <marc:subfield code="4">http://rdaregistry.info/Elements/w/P10025</marc:subfield>
            <marc:subfield code="t">The Dark Is Rising</marc:subfield>
            <marc:subfield code="l">Engelsk</marc:subfield>
            <marc:subfield code="0">Q1618062</marc:subfield>
            <marc:subfield code="1">https://www.wikidata.org/wiki/Q1618062</marc:subfield>
        </marc:datafield>
        <marc:datafield ind1="1" ind2=" " tag="700">
            <marc:subfield code="a">Hodge, John,</marc:subfield>
            <marc:subfield code="d">1964-</marc:subfield>
            <marc:subfield code="e">manusforfatter</marc:subfield>
            <marc:subfield code="4">aus</marc:subfield>
            <marc:subfield code="0">nm0388076</marc:subfield>
            <marc:subfield code="1">https://www.imdb.com/name/nm0388076</marc:subfield>
        </marc:datafield>
        <marc:datafield ind1="1" ind2=" " tag="700">
            <marc:subfield code="a">Cunningham, David L.</marc:subfield>
            <marc:subfield code="d">1971-</marc:subfield>
            <marc:subfield code="e">filmregissør</marc:subfield>
            <marc:subfield code="4">fmd</marc:subfield>
            <marc:subfield code="0">nm0192289</marc:subfield>
            <marc:subfield code="1">https://www.imdb.com/name/nm0192289</marc:subfield>
        </marc:datafield>
        <marc:datafield ind1="1" ind2="2" tag="700">
            <marc:subfield code="a">Platt, Marc</marc:subfield>
            <marc:subfield code="d">1957-</marc:subfield>
            <marc:subfield code="e">filmprodusent</marc:subfield>
            <marc:subfield code="4">fmp</marc:subfield>
            <marc:subfield code="0">nm0686887</marc:subfield>
            <marc:subfield code="1">https://www.imdb.com/name/nm0686887/</marc:subfield>
        </marc:datafield>
    </marc:record>