
    <marc:record>
        <marc:leader>01575nam a22003490  450 </marc:leader>
        <marc:controlfield tag="001">26495237</marc:controlfield>
        <marc:controlfield tag="005">20170829215827.0</marc:controlfield>
        <marc:controlfield tag="008">000000r20122006dk            00| f dan d</marc:controlfield>
        <marc:datafield ind1=" " ind2=" " tag="020">
            <marc:subfield code="a">8711228601</marc:subfield>
        </marc:datafield>
        <marc:datafield ind1="1" ind2=" " tag="041">
            <marc:subfield code="a">dan</marc:subfield>
            <marc:subfield code="h">eng</marc:subfield>
        </marc:datafield>
        <marc:datafield ind1="1" ind2=" " tag="100">
            <marc:subfield code="a">Paolini, Christopher</marc:subfield>
            <marc:subfield code="d">1983-</marc:subfield>
            <marc:subfield code="e">forfatter</marc:subfield>
            <marc:subfield code="4">aut</marc:subfield>
            <marc:subfield code="e">illustratør</marc:subfield>
            <marc:subfield code="4">ill</marc:subfield>
            <marc:subfield code="0">49468743</marc:subfield>
            <marc:subfield code="1">http://viaf.org/viaf/49468743</marc:subfield>
        </marc:datafield>
        <marc:datafield ind1="1" ind2="0" tag="240">
            <marc:subfield code="a">Eldest.</marc:subfield>
            <marc:subfield code="l">Dansk</marc:subfield>
            <marc:subfield code="0">Q308982</marc:subfield>
            <marc:subfield code="1">https://www.wikidata.org/wiki/Q308982</marc:subfield>
        </marc:datafield>
        <marc:datafield ind1="1" ind2="4" tag="245">
            <marc:subfield code="a">Den ældste /</marc:subfield>
            <marc:subfield code="c">Christopher Paolini ; på dansk ved Ole Steen Hansen
			; illustrations ... Christopher Paolini
			; redaktion: Per Kølle og Randi Høfring.</marc:subfield>
        </marc:datafield>
        <marc:datafield ind1=" " ind2=" " tag="250">
            <marc:subfield code="a">3. utg.</marc:subfield>
        </marc:datafield>
        <marc:datafield ind1=" " ind2=" " tag="260">
            <marc:subfield code="a">[Kbh.] :</marc:subfield>
            <marc:subfield code="b">Sesam,</marc:subfield>
            <marc:subfield code="c">2006.</marc:subfield>
        </marc:datafield>
        <marc:datafield ind1=" " ind2=" " tag="300">
            <marc:subfield code="a">719 s. :</marc:subfield>
            <marc:subfield code="b">ill.</marc:subfield>
        </marc:datafield>
        <marc:datafield ind1=" " ind2=" " tag="336">
            <!-- opprettet felt 336, vanlig bok -->
            <marc:subfield code="a">text</marc:subfield>
            <marc:subfield code="b">txt</marc:subfield>
            <marc:subfield code="0">http://rdaregistry.info/termList/RDAContentType/1020</marc:subfield>
            <marc:subfield code="2">rdacontent</marc:subfield>
        </marc:datafield>
        <marc:datafield ind1=" " ind2=" " tag="336">
            <!-- opprettet felt 336, boka har illustrasjoner -->
            <marc:subfield code="a">still image</marc:subfield>
            <marc:subfield code="b">sti</marc:subfield>
            <marc:subfield code="0">http://rdaregistry.info/termList/RDAContentType/1014</marc:subfield>
            <marc:subfield code="2">rdacontent</marc:subfield>
        </marc:datafield>
        <marc:datafield ind1=" " ind2=" " tag="337">
            <!-- oprettet 337 felt, oftest vanlig bok -->
            <marc:subfield code="a">unmediated</marc:subfield>
            <marc:subfield code="0">http://rdaregistry.info/termList/RDAMediaType/1007</marc:subfield>
            <marc:subfield code="2">rdamedia</marc:subfield>
        </marc:datafield>
        <marc:datafield ind1=" " ind2=" " tag="338">
            <!-- opprettet felt 3xx, Bøker (ikke-e-bok)-->
            <marc:subfield code="a">volume</marc:subfield>
            <marc:subfield code="0">http://rdaregistry.info/termList/RDACarrierType/1049</marc:subfield>
            <marc:subfield code="2">rdacarrier</marc:subfield>
        </marc:datafield>
        <marc:datafield ind1=" " ind2=" " tag="380">
            <!-- opprettet felt 3xx, -->
            <marc:subfield code="a">romaner</marc:subfield>
            <marc:subfield code="2">humord</marc:subfield>
        </marc:datafield>
        <marc:datafield ind1=" " ind2=" " tag="440">
            <marc:subfield code="a">Arven ;</marc:subfield>
            <marc:subfield code="v">2. bok</marc:subfield>
        </marc:datafield>
        <marc:datafield ind1="8" ind2=" " tag="520">
            <marc:subfield code="a">1. del: Eragon og hans drage Saphira får nye problemer at kæmpe imod efter slaget om Tronjheim.
			Eragon må anvende al sin diplomatiske snilde for at hindre splid mellem de forskellige parter.
			Samtidigt er hans fætter Roran i færd med at befæste landsbyen Carvahall, der bl.a. er truet af de grusomme
			væsener kaldet Ra'zac.</marc:subfield>
        </marc:datafield>
        <marc:datafield ind1="8" ind2=" " tag="520">
            <marc:subfield code="a">2. del: Eragon og hans drage Saphira er uadskillige. Nu er de begge ankommet til elvernes land for at lære nye færdigheder. På samme tid er Eragons fætter Roran ved at føre Carvahalls indbyggere ud af byen for at hindre et blodbad.</marc:subfield>
        </marc:datafield>
        <marc:datafield ind1=" " ind2=" " tag="534">
            <marc:subfield code="a">Originalutgave: 2005.</marc:subfield>
        </marc:datafield>
        <marc:datafield ind1=" " ind2="4" tag="650">
            <marc:subfield code="a">Fantasy</marc:subfield>
        </marc:datafield>
        <marc:datafield ind1=" " ind2="7" tag="650">
            <marc:subfield code="a">Draker (Fabeldyr)</marc:subfield>
            <marc:subfield code="2">humord</marc:subfield>
        </marc:datafield>
        <marc:datafield ind1="1" ind2="1" tag="700">
            <marc:subfield code="a">Kølle, Per</marc:subfield>
            <marc:subfield code="e">redaktør</marc:subfield>
            <marc:subfield code="4">edt</marc:subfield>
            <marc:subfield code="0">9104481</marc:subfield>
            <marc:subfield code="1">http://viaf.org/viaf/9104481</marc:subfield>
        </marc:datafield>
        <marc:datafield ind1="1" ind2="1" tag="700">
            <marc:subfield code="a">Høfring, Randi</marc:subfield>
            <marc:subfield code="e">redaktør</marc:subfield>
            <marc:subfield code="4">edt</marc:subfield>
            <marc:subfield code="0">52616e646948c3b86672696e67</marc:subfield>
            <!-- egenlagd HEX-viaf (Convert hexadecimal to text) -->
            <marc:subfield code="1">http://viaf.org/viaf/52616e646948c3b86672696e67</marc:subfield>
        </marc:datafield>
        <marc:datafield ind1="1" ind2="1" tag="700">
            <marc:subfield code="a">Hansen, Ole Steen </marc:subfield>
            <marc:subfield code="d">1957-</marc:subfield>
            <marc:subfield code="e">oversetter</marc:subfield>
            <marc:subfield code="4">trl</marc:subfield>
            <marc:subfield code="0">166987269</marc:subfield>
            <marc:subfield code="1">http://viaf.org/viaf/166987269</marc:subfield>
        </marc:datafield>
        <marc:datafield ind1="1" ind2=" " tag="700">
            <!-- Bok nr.1 er en forkommer av denne her | denne boka går foran den du finner i 240-->
            <marc:subfield code="a">Paolini, Christopher</marc:subfield>
            <marc:subfield code="d">1983-</marc:subfield>
            <marc:subfield code="i">is preceded by work</marc:subfield>
            <marc:subfield code="4">http://rdaregistry.info/Elements/w/precededByWork.en</marc:subfield>
            <!-- http://rdaregistry.info/Elements/w/P10156 går foran -->
            <marc:subfield code="t">Eragon</marc:subfield>
            <marc:subfield code="0">Q185449</marc:subfield>
            <marc:subfield code="1">https://www.wikidata.org/wiki/Q185449</marc:subfield>
        </marc:datafield>
        <marc:datafield ind1="1" ind2=" " tag="700">
            <!-- oprettet felt for alle etterfølgere av denne boka | Eragon, nr. 3 -->
            <marc:subfield code="a">Paolini, Christopher</marc:subfield>
            <marc:subfield code="d">1983-</marc:subfield>
            <marc:subfield code="i">is succeeded by work</marc:subfield>
            <marc:subfield code="4">http://rdaregistry.info/Elements/w/succeededByWork.en</marc:subfield>
            <!-- http://rdaregistry.info/Elements/w/P10170 -->
            <marc:subfield code="t">Brisingr</marc:subfield>
            <marc:subfield code="0">Q718289</marc:subfield>
            <marc:subfield code="1">https://www.wikidata.org/wiki/Q718289</marc:subfield>
        </marc:datafield>
        <marc:datafield ind1="1" ind2=" " tag="700">
            <!-- oprettet felt for alle etterfølgere av denne boka | Eragon, nr. 4 -->
            <marc:subfield code="a">Paolini, Christopher</marc:subfield>
            <marc:subfield code="d">1983-</marc:subfield>
            <marc:subfield code="i">is succeeded by work</marc:subfield>
            <marc:subfield code="4">http://rdaregistry.info/Elements/w/succeededByWork.en</marc:subfield>
            <!-- http://rdaregistry.info/Elements/w/P10170 -->
            <marc:subfield code="t">Inheritance</marc:subfield>
            <marc:subfield code="0">Q60672</marc:subfield>
            <marc:subfield code="1">https://www.wikidata.org/wiki/Q60672</marc:subfield>
        </marc:datafield>
        <marc:datafield ind1="1" ind2=" " tag="800">
            <!-- opprettet felt -->
            <marc:subfield code="a">Paolini, Christopher</marc:subfield>
            <marc:subfield code="d">1983-</marc:subfield>
            <marc:subfield code="t">Inheritance Cycle tetralogy</marc:subfield>
            <marc:subfield code="v">2.</marc:subfield>
            <marc:subfield code="l">Dansk</marc:subfield>
            <marc:subfield code="0">Q2699024</marc:subfield>
            <marc:subfield code="1">https://www.wikidata.org/wiki/Q2699024</marc:subfield>
        </marc:datafield>
    </marc:record>