
    <marc:record>
        <marc:leader>01188nam a2200301 a 4500</marc:leader>
        <marc:controlfield tag="005">20081128      .0</marc:controlfield>
        <marc:controlfield tag="008">080625s2008    xxu    j      000 1 eng  </marc:controlfield>
        <marc:datafield ind1=" " ind2=" " tag="010">
            <marc:subfield code="a">2008024489</marc:subfield>
        </marc:datafield>
        <marc:datafield ind1=" " ind2=" " tag="020">
            <marc:subfield code="a">9780375826726 (handel/trade)</marc:subfield>
        </marc:datafield>
        <marc:datafield ind1=" " ind2=" " tag="020">
            <marc:subfield code="a">9780375926723 (lib. bdg.)</marc:subfield>
        </marc:datafield>
        <marc:datafield ind1=" " ind2=" " tag="020">
            <marc:subfield code="a">9780375851179 (jacquet)</marc:subfield>
        </marc:datafield>
        <marc:datafield ind1=" " ind2=" " tag="040">
            <marc:subfield code="a">DLC</marc:subfield>
            <marc:subfield code="b">eng</marc:subfield>
            <marc:subfield code="c">DLC</marc:subfield>
            <marc:subfield code="d">CaOONL</marc:subfield>
            <marc:subfield code="d">QMBM</marc:subfield>
        </marc:datafield>
        <marc:datafield ind1=" " ind2=" " tag="042">
            <marc:subfield code="a">lcac</marc:subfield>
        </marc:datafield>
        <marc:datafield ind1="1" ind2=" " tag="100">
            <marc:subfield code="a">Paolini, Christopher</marc:subfield>
            <marc:subfield code="d">1983-</marc:subfield>
            <marc:subfield code="4">aut</marc:subfield>
            <marc:subfield code="e">forfatter</marc:subfield>
            <marc:subfield code="0">49468743</marc:subfield>
            <marc:subfield code="1">http://viaf.org/viaf/49468743</marc:subfield>
        </marc:datafield>
        <marc:datafield ind1="1" ind2="0" tag="240">
            <!-- opprettet felt -->
            <marc:subfield code="a">Brisingr</marc:subfield>
            <marc:subfield code="l">Engelsk</marc:subfield>
            <marc:subfield code="0">Q718289</marc:subfield>
            <marc:subfield code="1">https://www.wikidata.org/wiki/Q718289</marc:subfield>
        </marc:datafield>
        <marc:datafield ind1="1" ind2="0" tag="245">
            <marc:subfield code="a">Inheritance.</marc:subfield>
            <marc:subfield code="n">3,</marc:subfield>
            <marc:subfield code="p">Brisingr, or, The seven promises of Eragon Shadeslayer and Saphira Bjartskular /</marc:subfield>
            <marc:subfield code="c">Christopher Paolini.</marc:subfield>
        </marc:datafield>
        <marc:datafield ind1="3" ind2="0" tag="246">
            <marc:subfield code="a">Brisingr.</marc:subfield>
        </marc:datafield>
        <marc:datafield ind1="3" ind2="0" tag="246">
            <marc:subfield code="a">Seven promises of Eragon Shadeslayer and Saphira Bjartskular.</marc:subfield>
        </marc:datafield>
        <marc:datafield ind1=" " ind2=" " tag="250">
            <marc:subfield code="a">1. utg.</marc:subfield>
        </marc:datafield>
        <marc:datafield ind1=" " ind2=" " tag="260">
            <marc:subfield code="a">New York :</marc:subfield>
            <marc:subfield code="b">Alfred A. Knopf,</marc:subfield>
            <marc:subfield code="c">2008.</marc:subfield>
        </marc:datafield>
        <marc:datafield ind1=" " ind2=" " tag="300">
            <marc:subfield code="a">xix, 763 s. :</marc:subfield>
            <marc:subfield code="b">kart ;</marc:subfield>
            <marc:subfield code="c">24 cm.</marc:subfield>
        </marc:datafield>
        <marc:datafield ind1=" " ind2=" " tag="336">
            <!-- opprettet felt 336, vanlig bok -->
            <marc:subfield code="a">text</marc:subfield>
            <marc:subfield code="b">txt</marc:subfield>
            <marc:subfield code="0">http://rdaregistry.info/termList/RDAContentType/1020</marc:subfield>
            <marc:subfield code="2">rdacontent</marc:subfield>
        </marc:datafield>
        <marc:datafield ind1=" " ind2=" " tag="336">
            <!-- opprettet felt 336, bok med kart osv. -->
            <marc:subfield code="a">cartographic image</marc:subfield>
            <marc:subfield code="b">cri</marc:subfield>
            <marc:subfield code="0">http://rdaregistry.info/termList/RDAContentType/1002</marc:subfield>
            <marc:subfield code="2">rdacontent</marc:subfield>
        </marc:datafield>
        <marc:datafield ind1=" " ind2=" " tag="337">
            <!-- oprettet 337 felt, oftest vanlig bok -->
            <marc:subfield code="a">unmediated</marc:subfield>
            <marc:subfield code="0">http://rdaregistry.info/termList/RDAMediaType/1007</marc:subfield>
            <marc:subfield code="2">rdamedia</marc:subfield>
        </marc:datafield>
        <marc:datafield ind1=" " ind2=" " tag="338">
            <!-- opprettet felt 3xx, Bøker (ikke-e-bok)-->
            <marc:subfield code="a">volume</marc:subfield>
            <marc:subfield code="0">http://rdaregistry.info/termList/RDACarrierType/1049</marc:subfield>
            <marc:subfield code="2">rdacarrier</marc:subfield>
        </marc:datafield>
        <marc:datafield ind1=" " ind2=" " tag="380">
            <!-- opprettet felt 3xx, -->
            <marc:subfield code="a">romaner</marc:subfield>
            <marc:subfield code="2">humord</marc:subfield>
        </marc:datafield>
        <marc:datafield ind1="8" ind2=" " tag="520">
            <marc:subfield code="a">The further adventures of Eragon and his dragon Saphira as they continue to aid the Varden
			in the struggle against the evil king, Galbatorix.</marc:subfield>
        </marc:datafield>
        <marc:datafield ind1=" " ind2="4" tag="650">
            <marc:subfield code="a">Fantasy</marc:subfield>
        </marc:datafield>
        <marc:datafield ind1=" " ind2="0" tag="650">
            <marc:subfield code="a">Drager</marc:subfield>
            <marc:subfield code="v">Ungdomslitteratur</marc:subfield>
        </marc:datafield>
        <marc:datafield ind1=" " ind2="4" tag="650">
            <marc:subfield code="a">Magi</marc:subfield>
            <marc:subfield code="v">Ungdomslitteratur.</marc:subfield>
        </marc:datafield>
        <marc:datafield ind1=" " ind2="4" tag="650">
            <marc:subfield code="a">Drager</marc:subfield>
            <marc:subfield code="v">Skjønnlitteratur.</marc:subfield>
        </marc:datafield>
        <marc:datafield ind1=" " ind2="4" tag="650">
            <marc:subfield code="a">Magi</marc:subfield>
            <marc:subfield code="v">Skjønnlitteratur.</marc:subfield>
        </marc:datafield>
        <marc:datafield ind1="1" ind2=" " tag="700">
            <!-- Bok nr.1 er en forkommer av denne her | denne boka går foran den du finner i 240-->
            <marc:subfield code="a">Paolini, Christopher</marc:subfield>
            <marc:subfield code="d">1983-</marc:subfield>
            <marc:subfield code="i">is preceded by work</marc:subfield>
            <marc:subfield code="4">http://rdaregistry.info/Elements/w/precededByWork.en</marc:subfield>
            <!-- http://rdaregistry.info/Elements/w/P10156 går foran -->
            <marc:subfield code="t">Eragon</marc:subfield>
            <marc:subfield code="0">Q185449</marc:subfield>
            <marc:subfield code="1">https://www.wikidata.org/wiki/Q185449</marc:subfield>
        </marc:datafield>
        <marc:datafield ind1="1" ind2=" " tag="700">
            <!-- Bok nr.1 er en forkommer av denne her | denne boka går foran den du finner i 240-->
            <marc:subfield code="a">Paolini, Christopher</marc:subfield>
            <marc:subfield code="d">1983-</marc:subfield>
            <marc:subfield code="i">is preceded by work</marc:subfield>
            <marc:subfield code="4">http://rdaregistry.info/Elements/w/precededByWork.en</marc:subfield>
            <!-- http://rdaregistry.info/Elements/w/P10156 går foran -->
            <marc:subfield code="a">Eldest</marc:subfield>
            <marc:subfield code="0">Q308982</marc:subfield>
            <marc:subfield code="1">https://www.wikidata.org/wiki/Q308982</marc:subfield>
        </marc:datafield>
        <marc:datafield ind1="1" ind2=" " tag="700">
            <!-- oprettet felt for alle etterfølgere av denne boka | Eragon, nr. 4 -->
            <marc:subfield code="a">Paolini, Christopher</marc:subfield>
            <marc:subfield code="d">1983-</marc:subfield>
            <marc:subfield code="i">is succeeded by work</marc:subfield>
            <marc:subfield code="4">http://rdaregistry.info/Elements/w/succeededByWork.en</marc:subfield>
            <!-- http://rdaregistry.info/Elements/w/P10170 -->
            <marc:subfield code="t">Inheritance</marc:subfield>
            <marc:subfield code="0">Q60672</marc:subfield>
            <marc:subfield code="1">https://www.wikidata.org/wiki/Q60672</marc:subfield>
        </marc:datafield>
        <marc:datafield ind1="1" ind2=" " tag="800">
            <!-- opprettet felt -->
            <marc:subfield code="a">Paolini, Christopher</marc:subfield>
            <marc:subfield code="d">1983-</marc:subfield>
            <marc:subfield code="t">Inheritance Cycle tetralogy</marc:subfield>
            <marc:subfield code="v">3.</marc:subfield>
            <marc:subfield code="l">Engelsk</marc:subfield>
            <marc:subfield code="0">Q2699024</marc:subfield>
            <marc:subfield code="1">https://www.wikidata.org/wiki/Q2699024</marc:subfield>
        </marc:datafield>
    </marc:record>