
    <marc:record>
        <marc:leader>02013nam a2200337 a 4500</marc:leader>
        <marc:controlfield tag="001">711047968</marc:controlfield>
        <marc:controlfield tag="003">OCoLC</marc:controlfield>
        <marc:controlfield tag="005">20130326153148.0</marc:controlfield>
        <marc:controlfield tag="008">130124s2012    enk      b    001 0 eng d</marc:controlfield>
        <marc:datafield ind1=" " ind2=" " tag="010">
            <marc:subfield code="a">2012462681</marc:subfield>
        </marc:datafield>
        <marc:datafield ind1=" " ind2=" " tag="020">
            <marc:subfield code="a">9781845118563 (h.)</marc:subfield>
        </marc:datafield>
        <marc:datafield ind1=" " ind2=" " tag="035">
            <marc:subfield code="a">(OCoLC)711047968</marc:subfield>
        </marc:datafield>
        <marc:datafield ind1=" " ind2=" " tag="040">
            <marc:subfield code="a">YDXCP</marc:subfield>
            <marc:subfield code="b">eng</marc:subfield>
            <marc:subfield code="c">YDXCP</marc:subfield>
            <marc:subfield code="d">DLC</marc:subfield>
            <marc:subfield code="d">ERASA</marc:subfield>
            <marc:subfield code="d">BTCTA</marc:subfield>
            <marc:subfield code="d">UKMGB</marc:subfield>
            <marc:subfield code="d">YNK</marc:subfield>
            <marc:subfield code="d">CDX</marc:subfield>
            <marc:subfield code="d">NLE</marc:subfield>
            <marc:subfield code="d">NDD</marc:subfield>
            <marc:subfield code="d">INU</marc:subfield>
            <marc:subfield code="d">BDX</marc:subfield>
            <marc:subfield code="d">AU@</marc:subfield>
            <marc:subfield code="d">OCLCO</marc:subfield>
            <marc:subfield code="d">BWX</marc:subfield>
            <marc:subfield code="d">MUU</marc:subfield>
            <marc:subfield code="d">IUL</marc:subfield>
            <marc:subfield code="d">QMBM</marc:subfield>
        </marc:datafield>
        <marc:datafield ind1="1" ind2=" " tag="100">
            <marc:subfield code="a">Porter, Lynnette</marc:subfield>
            <marc:subfield code="d">1957-</marc:subfield>
            <marc:subfield code="4">aut</marc:subfield>
            <marc:subfield code="e">forfatter</marc:subfield>
            <marc:subfield code="0">114973224</marc:subfield>
            <marc:subfield code="1">http://viaf.org/viaf/114973224</marc:subfield>
        </marc:datafield>
        <marc:datafield ind1="1" ind2="4" tag="240">
            <!-- opprettet marc-felt -->
            <marc:subfield code="a">The Hobbits</marc:subfield>
            <marc:subfield code="p">the many lives of Bilbo, Frodo, Sam, Merry and Pippin</marc:subfield>
            <marc:subfield code="l">Engelsk</marc:subfield>
            <marc:subfield code="0">711047968</marc:subfield>
            <marc:subfield code="1">http://www.worldcat.org/oclc/711047968</marc:subfield>
        </marc:datafield>
        <marc:datafield ind1="1" ind2="4" tag="245">
            <marc:subfield code="a">The Hobbits :</marc:subfield>
            <marc:subfield code="b">the many lives of Bilbo, Frodo, Sam, Merry and Pippin /</marc:subfield>
            <marc:subfield code="c">Lynnette Porter.</marc:subfield>
        </marc:datafield>
        <marc:datafield ind1="3" ind2="0" tag="246">
            <marc:subfield code="a">Many lives of Bilbo, Frodo, Sam, Merry and Pippin.</marc:subfield>
        </marc:datafield>
        <marc:datafield ind1=" " ind2=" " tag="260">
            <marc:subfield code="a">London ;</marc:subfield>
            <marc:subfield code="a">New York :</marc:subfield>
            <marc:subfield code="b">I.B. Tauris :</marc:subfield>
            <marc:subfield code="b">Distributed in the U.S. exclusively by Palgrave Macmillan,</marc:subfield>
            <marc:subfield code="c">2012.</marc:subfield>
        </marc:datafield>
        <marc:datafield ind1=" " ind2=" " tag="300">
            <marc:subfield code="a">vii, 280 s. ;</marc:subfield>
            <marc:subfield code="c">22 cm.</marc:subfield>
        </marc:datafield>
        <marc:datafield ind1=" " ind2=" " tag="336">
            <!-- opprettet felt 336, vanlig bok -->
            <marc:subfield code="a">text</marc:subfield>
            <marc:subfield code="b">txt</marc:subfield>
            <marc:subfield code="0">http://rdaregistry.info/termList/RDAContentType/1020</marc:subfield>
            <marc:subfield code="2">rdacontent</marc:subfield>
        </marc:datafield>
        <marc:datafield ind1=" " ind2=" " tag="337">
            <!-- oprettet 337 felt, oftest vanlig bok -->
            <marc:subfield code="a">unmediated</marc:subfield>
            <marc:subfield code="0">http://rdaregistry.info/termList/RDAMediaType/1007</marc:subfield>
            <marc:subfield code="2">rdamedia</marc:subfield>
        </marc:datafield>
        <marc:datafield ind1=" " ind2=" " tag="338">
            <!-- opprettet felt 3xx, Bøker (ikke-e-bok)-->
            <marc:subfield code="a">volume</marc:subfield>
            <marc:subfield code="0">http://rdaregistry.info/termList/RDACarrierType/1049</marc:subfield>
            <marc:subfield code="2">rdacarrier</marc:subfield>
        </marc:datafield>
        <marc:datafield ind1=" " ind2=" " tag="380">
            <!-- opprettet felt 3xx, -->
            <marc:subfield code="a">mytedannelse</marc:subfield>
            <marc:subfield code="2">humord</marc:subfield>
        </marc:datafield>
        <marc:datafield ind1=" " ind2=" " tag="380">
            <!-- opprettet felt 3xx, -->
            <marc:subfield code="a">filmkritikk</marc:subfield>
            <marc:subfield code="2">humord</marc:subfield>
        </marc:datafield>
        <marc:datafield ind1=" " ind2=" " tag="504">
            <marc:subfield code="a">Includes bibliographical references (s. 259-270) and index.</marc:subfield>
        </marc:datafield>
        <marc:datafield ind1=" " ind2=" " tag="520">
            <marc:subfield code="a">For generations of entranced readers, and now a new generation of filmgoers, Tolkien is synonymous with his most famous creation - the hobbit. Written for all those who are interested in Tolkien's work, and of course for all those interested in hobbits, this is the first book to focus on the changes made to the hobbits' characters not only by Tolkien but also by other artists - actors, writers, directors, lyricists and choreographers.</marc:subfield>
        </marc:datafield>
        <marc:datafield ind1="1" ind2="0" tag="600">
            <marc:subfield code="a">Tolkien, J.R.R.</marc:subfield>
            <marc:subfield code="q">(John Ronald Reuel)</marc:subfield>
            <marc:subfield code="d">1892-1973.</marc:subfield>
            <marc:subfield code="0">95218067</marc:subfield>
            <marc:subfield code="1">http://viaf.org/viaf/95218067</marc:subfield>
            <marc:subfield code="t">The lord of the rings.</marc:subfield>
        </marc:datafield>
        <marc:datafield ind1="1" ind2="0" tag="600">
            <marc:subfield code="a">Tolkien, J.R.R.</marc:subfield>
            <marc:subfield code="q">(John Ronald Reuel)</marc:subfield>
            <marc:subfield code="d">1892-1973</marc:subfield>
            <marc:subfield code="0">95218067</marc:subfield>
            <marc:subfield code="1">http://viaf.org/viaf/95218067</marc:subfield>
            <marc:subfield code="t">Hobbit</marc:subfield>
        </marc:datafield>
        <marc:datafield ind1="1" ind2="0" tag="600">
            <marc:subfield code="a">Tolkien, J.R.R.</marc:subfield>
            <marc:subfield code="q">(John Ronald Reuel)</marc:subfield>
            <marc:subfield code="d">1892-1973</marc:subfield>
            <marc:subfield code="x">Karakterer.</marc:subfield>
        </marc:datafield>
        <marc:datafield ind1="1" ind2="6" tag="600">
            <marc:subfield code="a">Tolkien, J.R.R.</marc:subfield>
            <marc:subfield code="q">(John Ronald Reuel)</marc:subfield>
            <marc:subfield code="d">1892-1973</marc:subfield>
            <marc:subfield code="t">The lord of the rings.</marc:subfield>
        </marc:datafield>
        <marc:datafield ind1="1" ind2="6" tag="600">
            <marc:subfield code="a">Tolkien, J.R.R.</marc:subfield>
            <marc:subfield code="q">(John Ronald Reuel)</marc:subfield>
            <marc:subfield code="d">1892-1973</marc:subfield>
            <marc:subfield code="t">Hobbit.</marc:subfield>
        </marc:datafield>
        <marc:datafield ind1="1" ind2="6" tag="600">
            <marc:subfield code="a">Tolkien, J.R.R.</marc:subfield>
            <marc:subfield code="q">(John Ronald Reuel)</marc:subfield>
            <marc:subfield code="d">1892-1973</marc:subfield>
            <marc:subfield code="x">Personligheter.</marc:subfield>
        </marc:datafield>
        <marc:datafield ind1=" " ind2="4" tag="650">
            <marc:subfield code="a">Hobbits (fiktive karakterer)</marc:subfield>
        </marc:datafield>
        <marc:datafield ind1=" " ind2="0" tag="650">
            <marc:subfield code="a">Fantasy, engelsk</marc:subfield>
            <marc:subfield code="x">Historie og kritikk.</marc:subfield>
        </marc:datafield>
    </marc:record>