
    <marc:record>
        <!-- funn002 dette er NOTER ! -->
        <marc:leader>01846ncm a2200385 a 4500</marc:leader>
        <marc:controlfield tag="005">20081203      .0</marc:controlfield>
        <marc:controlfield tag="008">080707s2002    xxumpc|        n  | eng  </marc:controlfield>
        <marc:datafield ind1=" " ind2=" " tag="010">
            <marc:subfield code="a">  2008562274</marc:subfield>
        </marc:datafield>
        <marc:datafield ind1=" " ind2=" " tag="020">
            <marc:subfield code="a">0757992730 (h.)</marc:subfield>
        </marc:datafield>
        <marc:datafield ind1="3" ind2=" " tag="024">
            <marc:subfield code="a">9780757992735</marc:subfield>
        </marc:datafield>
        <marc:datafield ind1="1" ind2=" " tag="024">
            <marc:subfield code="a">654979033318</marc:subfield>
        </marc:datafield>
        <marc:datafield ind1="2" ind2="2" tag="028">
            <marc:subfield code="a">0659B</marc:subfield>
            <marc:subfield code="b">Alfred Pub.</marc:subfield>
        </marc:datafield>
        <marc:datafield ind1=" " ind2=" " tag="035">
            <!-- denne fant jeg senere -->
            <marc:subfield code="a">(OCoLC)1034685259</marc:subfield>
        </marc:datafield>
        <marc:datafield ind1=" " ind2=" " tag="040">
            <marc:subfield code="a">DLC</marc:subfield>
            <marc:subfield code="b">eng</marc:subfield>
            <marc:subfield code="c">DLC</marc:subfield>
            <marc:subfield code="d">DLC</marc:subfield>
            <marc:subfield code="d">QMBM</marc:subfield>
        </marc:datafield>
        <marc:datafield ind1="1" ind2=" " tag="100">
            <marc:subfield code="a">Shore, Howard</marc:subfield>
            <marc:subfield code="d">1946-</marc:subfield>
            <marc:subfield code="e">komponist</marc:subfield>
            <marc:subfield code="4">cmp</marc:subfield>
            <marc:subfield code="0">nm0006290</marc:subfield>
            <marc:subfield code="1">https://www.imdb.com/name/nm0006290</marc:subfield>
        </marc:datafield>
        <marc:datafield ind1="1" ind2="4" tag="240">
            <!-- opprettet marc-felt -->
            <marc:subfield code="a">The lord of the rings</marc:subfield>
            <marc:subfield code="p">the fellowship of the ring</marc:subfield>
            <marc:subfield code="l">Engelsk</marc:subfield>
            <marc:subfield code="m">piano, vokal, akkord</marc:subfield>
            <marc:subfield code="0">1034685259</marc:subfield>
            <marc:subfield code="1">http://www.worldcat.org/oclc/1034685259</marc:subfield>
            <!-- kunne vært denne også google : fellowshipofring00enya -->
        </marc:datafield>
        <marc:datafield ind1="1" ind2="4" tag="245">
            <marc:subfield code="a">The lord of the rings.</marc:subfield>
            <marc:subfield code="p">The fellowship of the ring</marc:subfield>
            <marc:subfield code="h">[music] :</marc:subfield>
            <marc:subfield code="b">piano, vocals, chords /</marc:subfield>
            <marc:subfield code="c">[music by Howard Shore] ; project manager, Jeannette DeLisa.</marc:subfield>
        </marc:datafield>
        <marc:datafield ind1="3" ind2="0" tag="246">
            <marc:subfield code="a">Fellowship of the ring</marc:subfield>
            <marc:subfield code="h">[music]</marc:subfield>
        </marc:datafield>
        <marc:datafield ind1=" " ind2=" " tag="260">
            <marc:subfield code="a">Van Nuys, CA :</marc:subfield>
            <marc:subfield code="b">Alfred Pub.,</marc:subfield>
            <marc:subfield code="c">c2002.</marc:subfield>
        </marc:datafield>
        <marc:datafield ind1=" " ind2=" " tag="300">
            <marc:subfield code="a">1 filmmusikk (26 s.) ;</marc:subfield>
            <marc:subfield code="c">30 cm.</marc:subfield>
        </marc:datafield>
        <marc:datafield ind1=" " ind2=" " tag="336">
            <!-- opprettet felt 336, notert musikk(noter) -->
            <marc:subfield code="a">notated music</marc:subfield>
            <marc:subfield code="b">ntm</marc:subfield>
            <marc:subfield code="0">http://rdaregistry.info/termList/RDAContentType/1010</marc:subfield>
            <marc:subfield code="2">rdacontent</marc:subfield>
        </marc:datafield>
        <marc:datafield ind1=" " ind2=" " tag="336">
            <!-- opprettet felt 336, lyrikken -->
            <marc:subfield code="a">text</marc:subfield>
            <marc:subfield code="b">txt</marc:subfield>
            <marc:subfield code="0">http://rdaregistry.info/termList/RDAContentType/1020</marc:subfield>
            <marc:subfield code="2">rdacontent</marc:subfield>
        </marc:datafield>
        <marc:datafield ind1=" " ind2=" " tag="337">
            <!-- oprettet 337 felt, oftest vanlig bok -->
            <marc:subfield code="a">unmediated</marc:subfield>
            <marc:subfield code="0">http://rdaregistry.info/termList/RDAMediaType/1007</marc:subfield>
            <marc:subfield code="2">rdamedia</marc:subfield>
        </marc:datafield>
        <marc:datafield ind1=" " ind2=" " tag="338">
            <!-- opprettet felt 3xx, Bøker (ikke-e-bok)-->
            <marc:subfield code="a">volume</marc:subfield>
            <marc:subfield code="0">http://rdaregistry.info/termList/RDACarrierType/1049</marc:subfield>
            <marc:subfield code="2">rdacarrier</marc:subfield>
        </marc:datafield>
        <marc:datafield ind1=" " ind2=" " tag="380">
            <!-- opprettet felt -->
            <marc:subfield code="a">musikknotasjon</marc:subfield>
            <marc:subfield code="2">humord</marc:subfield>
        </marc:datafield>
        <marc:datafield ind1="0" ind2=" " tag="505">
            <marc:subfield code="a">In dreams : featured in The breaking of the fellowship / words and music by Fran Walsh and Howard Shore -- The prophecy / music by Shore ;
			text by J.R.R. Tolkien ; adapted by Philippa Boyens -- Aníron : theme for Aragorn and Arwen / music by Enya and Nicky Ryan
			; words by Roma Ryan -- Lament for Gandalf : featured in Lothlorien / music by Shore
			; text by Boyens -- Many meetings / music by Shore -- May it be / music by Enya and N. Ryan ; words by R. Ryan.</marc:subfield>
        </marc:datafield>
        <marc:datafield ind1="1" ind2="0" tag="600">
            <marc:subfield code="a">Tolkien, J.R.R.</marc:subfield>
            <marc:subfield code="q">(John Ronald Reuel)</marc:subfield>
            <marc:subfield code="d">1892-1973</marc:subfield>
            <marc:subfield code="v">Musical settings.</marc:subfield>
        </marc:datafield>
        <marc:datafield ind1=" " ind2="0" tag="650">
            <marc:subfield code="a">Filmmusikk</marc:subfield>
            <marc:subfield code="v">Utdrag.</marc:subfield>
        </marc:datafield>
        <marc:datafield ind1=" " ind2="4" tag="650">
            <marc:subfield code="a">Populærmusikk</marc:subfield>
            <marc:subfield code="z">England.</marc:subfield>
        </marc:datafield>
        <marc:datafield ind1=" " ind2="0" tag="650">
            <marc:subfield code="a">Engelske sanger</marc:subfield>
            <marc:subfield code="z">England.</marc:subfield>
        </marc:datafield>
        <marc:datafield ind1=" " ind2="6" tag="650">
            <marc:subfield code="a">Filmmusikk</marc:subfield>
            <marc:subfield code="v">Utdrag.</marc:subfield>
        </marc:datafield>
        <marc:datafield ind1="1" ind2=" " tag="700">
            <marc:subfield code="a">Tolkien, J.R.R.</marc:subfield>
            <marc:subfield code="q">(John Ronald Reuel)</marc:subfield>
            <marc:subfield code="d">1892-1973</marc:subfield>
            <marc:subfield code="0">95218067</marc:subfield>
            <marc:subfield code="1">http://viaf.org/viaf/95218067</marc:subfield>
        </marc:datafield>
        <marc:datafield ind1="0" ind2=" " tag="700">
            <marc:subfield code="a">Enya</marc:subfield>
            <marc:subfield code="d">1961-</marc:subfield>
            <marc:subfield code="0">4967c0a1-b9f3-465e-8440-4598fd9fc33c</marc:subfield>
            <marc:subfield code="1">https://musicbrainz.org/artist/4967c0a1-b9f3-465e-8440-4598fd9fc33c</marc:subfield>
        </marc:datafield>
        <marc:datafield ind1="1" ind2=" " tag="700">
            <marc:subfield code="a">Ryan, Roma.</marc:subfield>
            <marc:subfield code="0">1fbfd4da-67f6-4cbc-9c9c-8a3b0207e297</marc:subfield>
            <marc:subfield code="1">https://musicbrainz.org/artist/1fbfd4da-67f6-4cbc-9c9c-8a3b0207e297</marc:subfield>
        </marc:datafield>
        <marc:datafield ind1="1" ind2=" " tag="700">
            <marc:subfield code="a">Ryan, Nicky</marc:subfield>
            <marc:subfield code="q">Nicholas Dominick Ryan</marc:subfield>
            <marc:subfield code="0">2366a9b6-c8ab-46e4-a7e3-310d7ccdba91</marc:subfield>
            <marc:subfield code="1">https://musicbrainz.org/artist/2366a9b6-c8ab-46e4-a7e3-310d7ccdba91</marc:subfield>
        </marc:datafield>
        <marc:datafield ind1="1" ind2=" " tag="700">
            <marc:subfield code="a">Boyens, Philippa.</marc:subfield>
            <marc:subfield code="4">adp</marc:subfield>
            <marc:subfield code="e">Bearbeider</marc:subfield>
            <marc:subfield code="0">nm0101991</marc:subfield>
            <marc:subfield code="1">https://www.imdb.com/name/nm0101991/</marc:subfield>
        </marc:datafield>
        <marc:datafield ind1="1" ind2=" " tag="700">
            <marc:subfield code="a">Walsh, Fran</marc:subfield>
            <marc:subfield code="d">1959-</marc:subfield>
            <marc:subfield code="0">nm0909638</marc:subfield>
            <marc:subfield code="1">https://www.imdb.com/name/nm0909638/</marc:subfield>
            <marc:subfield code="4">wal</marc:subfield>
            <marc:subfield code="e">Forfatter av lagt tekst</marc:subfield>
        </marc:datafield>
        <marc:datafield ind1="1" ind2=" " tag="700">
            <marc:subfield code="a">DeLisa, Jeannette</marc:subfield>
            <marc:subfield code="4">pmn</marc:subfield>
            <marc:subfield code="e">prosjektdirektør</marc:subfield>
            <marc:subfield code="0">4a65616e6e657474652044654c697361</marc:subfield>
            <!-- egengenerert auth.id -->
            <marc:subfield code="1">https://musicbrainz.org/artist/4a65616e6e657474652044654c697361</marc:subfield>
        </marc:datafield>
    </marc:record>