
    <marc:record>
        <marc:leader>02292ngm a2200373 a 4500</marc:leader>
        <marc:controlfield tag="001">01-0972198</marc:controlfield>
        <marc:controlfield tag="005">20061117111240.0</marc:controlfield>
        <marc:controlfield tag="007">vd|cvaiz|</marc:controlfield>
        <marc:controlfield tag="008">021009s2002    quc               v fre  </marc:controlfield>
        <marc:datafield ind1="1" ind2=" " tag="024">
            <marc:subfield code="a">065935142065</marc:subfield>
        </marc:datafield>
        <marc:datafield ind1="1" ind2=" " tag="024">
            <marc:subfield code="a">065935207313</marc:subfield>
        </marc:datafield>
        <marc:datafield ind1="4" ind2="2" tag="028">
            <marc:subfield code="a">4206</marc:subfield>
            <marc:subfield code="b">Alliance Atlantis Vivafilm</marc:subfield>
        </marc:datafield>
        <marc:datafield ind1=" " ind2=" " tag="035">
            <marc:subfield code="a">A242185</marc:subfield>
        </marc:datafield>
        <marc:datafield ind1=" " ind2=" " tag="040">
            <marc:subfield code="a">SDM</marc:subfield>
            <marc:subfield code="b">fre</marc:subfield>
            <marc:subfield code="d">QMBM</marc:subfield>
        </marc:datafield>
        <marc:datafield ind1="1" ind2=" " tag="041">
            <marc:subfield code="a">fre</marc:subfield>
            <marc:subfield code="a">eng</marc:subfield>
            <marc:subfield code="b">eng</marc:subfield>
        </marc:datafield>
        <marc:datafield ind1="4" ind2=" " tag="130">
            <!-- opprettet felt -->
            <marc:subfield code="a">The Lord of the Rings</marc:subfield>
            <marc:subfield code="l">Fransk, Engelsk</marc:subfield>
            <marc:subfield code="p">The Fellowship of the Ring</marc:subfield>
            <marc:subfield code="0">tt0120737</marc:subfield>
            <marc:subfield code="1">https://www.imdb.com/title/tt0120737/</marc:subfield>
        </marc:datafield>
        <marc:datafield ind1="0" ind2="4" tag="240">
            <!-- opprettet felt -->
            <marc:subfield code="a">The Lord of the Rings</marc:subfield>
            <marc:subfield code="l">Fransk, Engelsk</marc:subfield>
            <marc:subfield code="p">The Fellowship of the Ring</marc:subfield>
            <marc:subfield code="0">tt0120737</marc:subfield>
            <marc:subfield code="1">https://www.imdb.com/title/tt0120737/</marc:subfield>
        </marc:datafield>
        <marc:datafield ind1="0" ind2="3" tag="245">
            <marc:subfield code="a">Le seigneur des anneaux.</marc:subfield>
            <marc:subfield code="p">La communauté de l'anneau</marc:subfield>
            <marc:subfield code="h">[enregistrement vidéo] =</marc:subfield>
            <marc:subfield code="b">The lord of the rings.</marc:subfield>
            <marc:subfield code="p">The fellowship of the ring /</marc:subfield>
            <marc:subfield code="c">réalisation, Peter Jackson ; scénario, Fran Walsh, Philippa Boyens, Peter Jackson.</marc:subfield>
        </marc:datafield>
        <marc:datafield ind1="3" ind2="1" tag="246">
            <marc:subfield code="a">Lord of the rings.</marc:subfield>
            <marc:subfield code="p">The fellowship of the ring.</marc:subfield>
        </marc:datafield>
        <marc:datafield ind1="3" ind2="0" tag="246">
            <marc:subfield code="a">Communauté de l'anneau.</marc:subfield>
        </marc:datafield>
        <marc:datafield ind1="3" ind2="0" tag="246">
            <marc:subfield code="a">Fellowship of the ring.</marc:subfield>
        </marc:datafield>
        <marc:datafield ind1=" " ind2=" " tag="260">
            <marc:subfield code="a">Montréal :</marc:subfield>
            <marc:subfield code="b">Alliance Atlantis Vivafilm,</marc:subfield>
            <marc:subfield code="c">2002.</marc:subfield>
        </marc:datafield>
        <marc:datafield ind1=" " ind2=" " tag="300">
            <marc:subfield code="a">2 DVD (178 min) :</marc:subfield>
            <marc:subfield code="b">lyd og farge.</marc:subfield>
        </marc:datafield>
        <marc:datafield ind1=" " ind2=" " tag="336">
            <!-- opprettet felt -->
            <marc:subfield code="a">two-dimensional moving image</marc:subfield>
            <marc:subfield code="b">tdi</marc:subfield>
            <marc:subfield code="0">http://rdaregistry.info/termList/RDAContentType/1023</marc:subfield>
            <marc:subfield code="2">rdacontent</marc:subfield>
        </marc:datafield>
        <marc:datafield ind1=" " ind2=" " tag="337">
            <!-- opprettet felt -->
            <marc:subfield code="a">video</marc:subfield>
            <marc:subfield code="0">http://rdaregistry.info/termList/RDAMediaType/1008</marc:subfield>
            <marc:subfield code="2">rdamedia</marc:subfield>
        </marc:datafield>
        <marc:datafield ind1=" " ind2=" " tag="338">
            <!-- opprettet felt -->
            <marc:subfield code="a">videodisc</marc:subfield>
            <marc:subfield code="0">http://rdaregistry.info/termList/RDACarrierType/1060</marc:subfield>
            <marc:subfield code="2">rdacarrier</marc:subfield>
        </marc:datafield>
        <marc:datafield ind1=" " ind2=" " tag="380">
            <!-- opprettet felt -->
            <marc:subfield code="a">spillefilmer</marc:subfield>
            <marc:subfield code="2">humord</marc:subfield>
        </marc:datafield>
        <marc:datafield ind1=" " ind2="0" tag="440">
            <marc:subfield code="a">Collection plein-écran = Full screen collection.</marc:subfield>
        </marc:datafield>
        <marc:datafield ind1="8" ind2=" " tag="520">
            <marc:subfield code="a">Conte. Le sinistre seigneur Sauron tente de dominer la Terre du milieu à l'aide de vingt anneaux magiques. Mais l'un d'eux, l'anneau unique, est tombé entre les mains du hobbit Frodon, un garçon aux pieds velus. Le mage Gandalf incite celui-ci à détruire l'anneau en le jetant dans le feu du mont Destin au pays de Mordor, où il a été conçu. Frodon entreprend ce périlleux voyage avec trois congénères, mais ils sont vite poursuivis par les neuf Cavaliers noirs, des spectres au service du vil Sauron. En route, le petit groupe est rejoint par Gandalf et par quatre combattants, dont un elfe, qui forment ensemble la communauté de l'anneau: neuf alliés pour contrer les neuf spectres du Seigneur des ténèbres. [(c) OCS]. Contient, entre autres, des documentaires sur le tournage. [SDM]</marc:subfield>
        </marc:datafield>
        <marc:datafield ind1=" " ind2=" " tag="546">
            <marc:subfield code="a">Versions française et anglaise, sous-titres en anglais ; sous-titré en anglais pour les malentendants.</marc:subfield>
        </marc:datafield>
        <marc:datafield ind1="0" ind2="0" tag="630">
            <marc:subfield code="a">Lord of the rings.</marc:subfield>
            <marc:subfield code="p">Fellowship of the ring (Motion picture)</marc:subfield>
        </marc:datafield>
        <marc:datafield ind1=" " ind2="4" tag="650">
            <marc:subfield code="a">Det forunderlige</marc:subfield>
            <marc:subfield code="v">Drama.</marc:subfield>
        </marc:datafield>
        <marc:datafield ind1="1" ind2=" " tag="700">
            <marc:subfield code="a">Jackson, Peter.</marc:subfield>
            <marc:subfield code="d">1961-</marc:subfield>
            <marc:subfield code="0">nm0001392</marc:subfield>
            <marc:subfield code="e">filmregissør</marc:subfield>
            <marc:subfield code="4">fmd</marc:subfield>
            <marc:subfield code="e">manusforfatter</marc:subfield>
            <marc:subfield code="4">aus</marc:subfield>
            <marc:subfield code="e">filmprodusent</marc:subfield>
            <marc:subfield code="4">fmp</marc:subfield>
            <marc:subfield code="0">nm0001392</marc:subfield>
            <marc:subfield code="i">is film director agent of</marc:subfield>
            <marc:subfield code="i">http://rdaregistry.info/Elements/a/P50048</marc:subfield>
            <!-- 	http://rdaregistry.info/Elements/a/filmDirectorAgentOf.en -->
            <!-- skal det være i at all?? eller $4? -->
            <marc:subfield code="i">http://schema.org/director</marc:subfield>
            <!-- vi kunne brukt denne også! Denne har også Canonical URL ifølge schema.org -->
            <marc:subfield code="1">https://www.imdb.com/name/nm0001392/</marc:subfield>
        </marc:datafield>
        <marc:datafield ind1="1" ind2=" " tag="700">
            <marc:subfield code="a">Walsh, Fran</marc:subfield>
            <marc:subfield code="d">1959-</marc:subfield>
            <marc:subfield code="4">fmp</marc:subfield>
            <marc:subfield code="e">filmprodusent</marc:subfield>
            <marc:subfield code="4">aus</marc:subfield>
            <marc:subfield code="e">manusforfatter</marc:subfield>
            <marc:subfield code="0">nm0909638</marc:subfield>
            <marc:subfield code="1">https://www.imdb.com/name/nm0909638/</marc:subfield>
        </marc:datafield>
        <marc:datafield ind1="1" ind2=" " tag="700">
            <marc:subfield code="a">Boyens, Philippa</marc:subfield>
            <marc:subfield code="4">aus</marc:subfield>
            <marc:subfield code="e">manusforfatter</marc:subfield>
            <marc:subfield code="0">nm0101991</marc:subfield>
            <marc:subfield code="1">https://www.imdb.com/name/nm0101991/</marc:subfield>
        </marc:datafield>
        <marc:datafield ind1="1" ind2=" " tag="700">
            <marc:subfield code="a">Wood, Elijah</marc:subfield>
            <marc:subfield code="d">1981-</marc:subfield>
            <marc:subfield code="0">nm0000704</marc:subfield>
            <marc:subfield code="1">https://www.imdb.com/name/nm0000704/</marc:subfield>
            <marc:subfield code="4">act</marc:subfield>
            <marc:subfield code="e">filmskuespiller</marc:subfield>
            <marc:subfield code="i">http://schema.org/actors</marc:subfield>
            <!-- riktig subfelt-kode? -->
        </marc:datafield>
        <marc:datafield ind1="1" ind2=" " tag="700">
            <marc:subfield code="a">McKellen, Ian</marc:subfield>
            <marc:subfield code="d">1939-</marc:subfield>
            <marc:subfield code="4">act</marc:subfield>
            <marc:subfield code="e">skuespiller</marc:subfield>
            <marc:subfield code="0">nm0005212</marc:subfield>
            <marc:subfield code="1">https://www.imdb.com/name/nm0005212/</marc:subfield>
        </marc:datafield>
        <marc:datafield ind1="1" ind2=" " tag="700">
            <marc:subfield code="a">Mortensen, Viggo</marc:subfield>
            <marc:subfield code="d">1958-</marc:subfield>
            <marc:subfield code="4">act</marc:subfield>
            <marc:subfield code="e">skuespiller</marc:subfield>
            <marc:subfield code="0">nm0001557</marc:subfield>
            <marc:subfield code="1">https://www.imdb.com/name/nm0001557</marc:subfield>
        </marc:datafield>
        <marc:datafield ind1="1" ind2=" " tag="700">
            <marc:subfield code="a">Tolkien, J.R.R.</marc:subfield>
            <marc:subfield code="q">(John Ronald Reuel)</marc:subfield>
            <marc:subfield code="d">1892-1973</marc:subfield>
            <marc:subfield code="t">The Fellowship of the Ring</marc:subfield>
            <marc:subfield code="0">Q208002</marc:subfield>
            <marc:subfield code="i">is adapted as motion picture work</marc:subfield>
            <marc:subfield code="4">http://rdaregistry.info/Elements/w/P10025</marc:subfield>
            <marc:subfield code="1">https://www.wikidata.org/wiki/Q208002</marc:subfield>
        </marc:datafield>
        <marc:datafield ind1="1" ind2=" " tag="700">
            <marc:subfield code="a">Tolkien, J.R.R.</marc:subfield>
            <marc:subfield code="q">(John Ronald Reuel)</marc:subfield>
            <marc:subfield code="d">1892-1973</marc:subfield>
            <marc:subfield code="e">idéskaper</marc:subfield>
            <marc:subfield code="4">ccp</marc:subfield>
            <marc:subfield code="0">95218067</marc:subfield>
            <marc:subfield code="1">http://viaf.org/viaf/95218067</marc:subfield>
        </marc:datafield>
        <marc:datafield ind1="1" ind2=" " tag="700">
            <marc:subfield code="a">Jackson, Peter</marc:subfield>
            <marc:subfield code="d">1961-</marc:subfield>
            <marc:subfield code="i">is succeeded by work</marc:subfield>
            <marc:subfield code="4">http://rdaregistry.info/Elements/w/succeededByWork.en</marc:subfield>
            <!-- http://rdaregistry.info/Elements/w/P10170 -->
            <marc:subfield code="t">The Lord of the Rings</marc:subfield>
            <marc:subfield code="p">The Two Towers</marc:subfield>
            <marc:subfield code="0">tt0167261</marc:subfield>
            <marc:subfield code="1">https://www.imdb.com/title/tt0167261/</marc:subfield>
        </marc:datafield>
        <marc:datafield ind1="1" ind2=" " tag="700">
            <marc:subfield code="a">Jackson, Peter</marc:subfield>
            <marc:subfield code="d">1961-</marc:subfield>
            <marc:subfield code="i">is succeeded by work</marc:subfield>
            <marc:subfield code="4">http://rdaregistry.info/Elements/w/succeededByWork.en</marc:subfield>
            <!-- http://rdaregistry.info/Elements/w/P10170 -->
            <marc:subfield code="t">The Lord of the Rings</marc:subfield>
            <marc:subfield code="p">The Return of the King</marc:subfield>
            <marc:subfield code="0">tt0167260</marc:subfield>
            <marc:subfield code="1">https://www.imdb.com/title/tt0167260/</marc:subfield>
        </marc:datafield>
        <marc:datafield ind1="1" ind2=" " tag="800">
            <!-- opprettet felt -->
            <marc:subfield code="a">Jackson, Peter</marc:subfield>
            <marc:subfield code="d">1961-</marc:subfield>
            <marc:subfield code="t">The Lord of the Rings trilogy</marc:subfield>
            <!-- filmtrilogien -->
            <marc:subfield code="l">Fransk og Engelsk</marc:subfield>
            <marc:subfield code="v">1.</marc:subfield>
            <marc:subfield code="0">Q190214</marc:subfield>
            <!-- filmtrilogien -->
            <marc:subfield code="1">https://www.wikidata.org/wiki/Q190214</marc:subfield>
            <!-- filmtrilogien -->
        </marc:datafield>
    </marc:record>