
    <marc:record>
        <marc:leader>01364nmm a2200349 a 4500</marc:leader>
        <marc:controlfield tag="007">co cgaizs     </marc:controlfield>
        <marc:controlfield tag="008">121122s2012    xxu        g  ||| 0 eng d</marc:controlfield>
        <marc:datafield ind1="1" ind2=" " tag="024">
            <marc:subfield code="a">883929247219</marc:subfield>
        </marc:datafield>
        <marc:datafield ind1="5" ind2="2" tag="028">
            <marc:subfield code="a">1000296849</marc:subfield>
            <marc:subfield code="b">Warner Bros.</marc:subfield>
        </marc:datafield>
        <marc:datafield ind1="5" ind2="2" tag="028">
            <marc:subfield code="a">3000043447</marc:subfield>
            <marc:subfield code="b">Warner Bros.</marc:subfield>
        </marc:datafield>
        <marc:datafield ind1=" " ind2=" " tag="040">
            <marc:subfield code="a">QMBM</marc:subfield>
        </marc:datafield>
        <marc:datafield ind1="0" ind2=" " tag="041">
            <marc:subfield code="a">eng</marc:subfield>
            <marc:subfield code="g">eng</marc:subfield>
            <marc:subfield code="g">fre</marc:subfield>
        </marc:datafield>
        <marc:datafield ind1="4" ind2=" " tag="130">
            <!-- opprettet felt -->
            <marc:subfield code="a">Lego The Lord of the Rings</marc:subfield>
            <marc:subfield code="h">Wii (Q8079)</marc:subfield>
            <marc:subfield code="l">Engelsk og Fransk</marc:subfield>
            <marc:subfield code="p">The Video Game</marc:subfield>
            <marc:subfield code="0">Q2082291</marc:subfield>
            <marc:subfield code="1">https://www.wikidata.org/wiki/Q2082291</marc:subfield>
        </marc:datafield>
        <marc:datafield ind1="0" ind2=" " tag="240">
            <!-- opprettet felt -->
            <marc:subfield code="a">Lego The Lord of the Rings</marc:subfield>
            <marc:subfield code="h">Wii (Q8079)</marc:subfield>
            <marc:subfield code="l">Engelsk og Fransk</marc:subfield>
            <marc:subfield code="p">The Video Game</marc:subfield>
            <marc:subfield code="0">Q2082291</marc:subfield>
            <marc:subfield code="1">https://www.wikidata.org/wiki/Q2082291</marc:subfield>
        </marc:datafield>
        <marc:datafield ind1="0" ind2="0" tag="245">
            <marc:subfield code="a">Lego.</marc:subfield>
            <marc:subfield code="p">The Lord of the Rings</marc:subfield>
            <marc:subfield code="h">[ressource électronique (Wii)]</marc:subfield>
        </marc:datafield>
        <marc:datafield ind1="3" ind2="0" tag="246">
            <marc:subfield code="a">Lord of the rings.</marc:subfield>
        </marc:datafield>
        <marc:datafield ind1=" " ind2=" " tag="250">
            <marc:subfield code="a">Nintendo Wii.</marc:subfield>
        </marc:datafield>
        <marc:datafield ind1=" " ind2=" " tag="260">
            <marc:subfield code="a">Burbank, Calif. :</marc:subfield>
            <marc:subfield code="b">Warner Bros,</marc:subfield>
            <marc:subfield code="c">c2012.</marc:subfield>
        </marc:datafield>
        <marc:datafield ind1=" " ind2=" " tag="300">
            <marc:subfield code="a">1 DVD-ROM :</marc:subfield>
            <marc:subfield code="b">lyd og farge ;</marc:subfield>
            <marc:subfield code="c">12 cm. +</marc:subfield>
            <marc:subfield code="e">2 hefter.</marc:subfield>
            <!-- viser til at det nødvendigvis ikke er plast her -->
        </marc:datafield>
        <marc:datafield ind1=" " ind2=" " tag="336">
            <!-- opprettet felt 336, spill -->
            <marc:subfield code="a">three-dimensional moving image</marc:subfield>
            <marc:subfield code="b">tdm</marc:subfield>
            <marc:subfield code="0">http://rdaregistry.info/termList/RDAContentType/1022</marc:subfield>
            <marc:subfield code="2">rdacontent</marc:subfield>
        </marc:datafield>
        <marc:datafield ind1=" " ind2=" " tag="336">
            <!-- opprettet felt 336, vanlig heftet tekst -->
            <marc:subfield code="a">text</marc:subfield>
            <marc:subfield code="b">txt</marc:subfield>
            <marc:subfield code="0">http://rdaregistry.info/termList/RDAContentType/1020</marc:subfield>
            <marc:subfield code="2">rdacontent</marc:subfield>
        </marc:datafield>
        <marc:datafield ind1=" " ind2=" " tag="336">
            <!-- opprettet felt 336, lyder -->
            <marc:subfield code="a">sounds</marc:subfield>
            <marc:subfield code="b">snd</marc:subfield>
            <marc:subfield code="0">http://rdaregistry.info/termList/RDAContentType/1012</marc:subfield>
            <marc:subfield code="2">rdacontent</marc:subfield>
        </marc:datafield>
        <marc:datafield ind1=" " ind2=" " tag="337">
            <marc:subfield code="a">computer</marc:subfield>
            <marc:subfield code="0">http://rdaregistry.info/termList/RDAMediaType/1003</marc:subfield>
            <marc:subfield code="2">rdamedia</marc:subfield>
        </marc:datafield>
        <marc:datafield ind1=" " ind2=" " tag="338">
            <!-- opprettet felt 338, Wii (ikke-e-bok)-->
            <marc:subfield code="a">computer disc</marc:subfield>
            <marc:subfield code="0">http://rdaregistry.info/termList/RDACarrierType/1013</marc:subfield>
            <marc:subfield code="2">rdacarrier</marc:subfield>
        </marc:datafield>
        <marc:datafield ind1=" " ind2=" " tag="380">
            <!-- opprettet felt -->
            <marc:subfield code="a">videospill</marc:subfield>
            <marc:subfield code="2">humord</marc:subfield>
        </marc:datafield>
        <marc:datafield ind1=" " ind2=" " tag="520">
            <marc:subfield code="a">Joignez-vous à la bataille dans la plus grande aventure jamais assemblée! -- Boîtier.</marc:subfield>
        </marc:datafield>
        <marc:datafield ind1=" " ind2=" " tag="538">
            <marc:subfield code="a">Console de jeu requise: Nintendo Wii. Compatible avec la manette Wii, Nunchuk.</marc:subfield>
        </marc:datafield>
        <marc:datafield ind1=" " ind2=" " tag="546">
            <marc:subfield code="a">Jeu en anglais. Manuels en anglais et en français. Information sur le conteneur en anglais, en français et en espagnol.</marc:subfield>
        </marc:datafield>
        <marc:datafield ind1="0" ind2="4" tag="630">
            <marc:subfield code="a">Lord of the Rings films</marc:subfield>
            <marc:subfield code="v">Dataspill</marc:subfield>
        </marc:datafield>
        <marc:datafield ind1=" " ind2="6" tag="650">
            <marc:subfield code="a">Videospill, Nintendo Wii</marc:subfield>
        </marc:datafield>
        <marc:datafield ind1=" " ind2="4" tag="650">
            <marc:subfield code="a">Eventyrspill</marc:subfield>
            <marc:subfield code="v">Videospill</marc:subfield>
        </marc:datafield>
        <marc:datafield ind1=" " ind2="4" tag="650">
            <marc:subfield code="a">LEGO</marc:subfield>
            <marc:subfield code="v">Videospill</marc:subfield>
        </marc:datafield>
        <marc:datafield ind1=" " ind2="4" tag="650">
            <marc:subfield code="a">LEGO (leker)</marc:subfield>
            <marc:subfield code="v">Dataspill</marc:subfield>
        </marc:datafield>
        <marc:datafield ind1=" " ind2="4" tag="650">
            <marc:subfield code="a">Videospill</marc:subfield>
        </marc:datafield>
        <marc:datafield ind1=" " ind2="4" tag="650">
            <marc:subfield code="a">Nintendo Wii, videospill</marc:subfield>
        </marc:datafield>
        <marc:datafield ind1=" " ind2="4" tag="650">
            <marc:subfield code="a">Dataspill, eventyrspill</marc:subfield>
        </marc:datafield>
        <marc:datafield ind1="1" ind2=" " tag="700">
            <marc:subfield code="a">Jackson, Peter.</marc:subfield>
            <marc:subfield code="d">1961-</marc:subfield>
            <marc:subfield code="t">The Lord of the Rings trilogy</marc:subfield>
            <marc:subfield code="i">is adapted as video game work</marc:subfield>
            <marc:subfield code="4">http://rdaregistry.info/Elements/w/P10249</marc:subfield>
            <marc:subfield code="0">Q190214</marc:subfield>
            <!-- filmtrilogien -->
            <marc:subfield code="1">https://www.wikidata.org/wiki/Q190214</marc:subfield>
        </marc:datafield>
        <marc:datafield ind1="2" ind2=" " tag="710">
            <marc:subfield code="a">Warner Bros</marc:subfield>
        </marc:datafield>
    </marc:record>