
    <marc:record>
        <marc:leader>01194cam a2200349 a 4500</marc:leader>
        <marc:controlfield tag="003">LIBRIS</marc:controlfield>
        <marc:controlfield tag="003">LIBRIS</marc:controlfield>
        <marc:controlfield tag="005">20160901121819.0</marc:controlfield>
        <marc:controlfield tag="008">920721s1992    sw     j      000 1 swe  </marc:controlfield>
        <marc:datafield ind1=" " ind2=" " tag="020">
            <marc:subfield code="a">9170895538 ;</marc:subfield>
        </marc:datafield>
        <marc:datafield ind1="0" ind2="0" tag="029">
            <marc:subfield code="a">7600824</marc:subfield>
        </marc:datafield>
        <marc:datafield ind1=" " ind2=" " tag="035">
            <marc:subfield code="9">9170895538</marc:subfield>
        </marc:datafield>
        <marc:datafield ind1=" " ind2=" " tag="040">
            <marc:subfield code="a">NB</marc:subfield>
        </marc:datafield>
        <marc:datafield ind1="1" ind2=" " tag="041">
            <marc:subfield code="a">swe</marc:subfield>
            <marc:subfield code="h">eng</marc:subfield>
        </marc:datafield>
        <marc:datafield ind1=" " ind2=" " tag="042">
            <marc:subfield code="9">NB</marc:subfield>
            <marc:subfield code="9">SEE</marc:subfield>
        </marc:datafield>
        <marc:datafield ind1="1" ind2=" " tag="100">
            <marc:subfield code="a">Dixon, Charles</marc:subfield>
            <marc:subfield code="d">1954-</marc:subfield>
            <marc:subfield code="4">aut</marc:subfield>
            <marc:subfield code="4">adp</marc:subfield>
            <marc:subfield code="e">forfatter</marc:subfield>
            <marc:subfield code="e">bearbeider</marc:subfield>
            <marc:subfield code="0">102370266</marc:subfield>
            <marc:subfield code="1">http://viaf.org/viaf/102370266</marc:subfield>
        </marc:datafield>
        <marc:datafield ind1="0" ind2="0" tag="240">
            <!-- opprettet marc-felt -->
            <marc:subfield code="a">Bilbo, eller En hobsäventyr</marc:subfield>
            <marc:subfield code="l">Svensk</marc:subfield>
            <marc:subfield code="0">1028321658</marc:subfield>
            <marc:subfield code="1">http://www.worldcat.org/oclc/1028321658</marc:subfield>
        </marc:datafield>
        <marc:datafield ind1="0" ind2="0" tag="245">
            <marc:subfield code="a">Bilbo eller En hobs äventyr /</marc:subfield>
            <marc:subfield code="c">av J.R.R. Tolkien ; adaption av Charles Dixon ; illustrerad av David Wenzel ; textad av Gunnar Pettersson, Jan-Erik Höglund ; [översättare: Britt G. Hallqvist]</marc:subfield>
        </marc:datafield>
        <marc:datafield ind1="1" ind2="4" tag="246">
            <marc:subfield code="a">Bilbo.</marc:subfield>
        </marc:datafield>
        <marc:datafield ind1=" " ind2=" " tag="250">
            <marc:subfield code="a">[Ny utg.]</marc:subfield>
        </marc:datafield>
        <marc:datafield ind1=" " ind2=" " tag="260">
            <marc:subfield code="a">Stockholm :</marc:subfield>
            <marc:subfield code="b">RSR Epix,</marc:subfield>
            <marc:subfield code="c">cop. 1992</marc:subfield>
            <marc:subfield code="e">(Spanien)</marc:subfield>
        </marc:datafield>
        <marc:datafield ind1=" " ind2=" " tag="300">
            <marc:subfield code="a">[6], 133, [5] s. :</marc:subfield>
            <marc:subfield code="b">kol. ill. ;</marc:subfield>
            <marc:subfield code="c">26 cm.</marc:subfield>
        </marc:datafield>
        <marc:datafield ind1=" " ind2=" " tag="336">
            <!-- opprettet felt 336, vanlig bok -->
            <marc:subfield code="a">text</marc:subfield>
            <marc:subfield code="b">txt</marc:subfield>
            <marc:subfield code="0">http://rdaregistry.info/termList/RDAContentType/1020</marc:subfield>
            <marc:subfield code="2">rdacontent</marc:subfield>
        </marc:datafield>
        <marc:datafield ind1=" " ind2=" " tag="336">
            <!-- opprettet felt 336, del av bildebok -->
            <marc:subfield code="a">still image</marc:subfield>
            <marc:subfield code="b">sti</marc:subfield>
            <marc:subfield code="0">http://rdaregistry.info/termList/RDAContentType/1014</marc:subfield>
            <marc:subfield code="2">rdacontent</marc:subfield>
        </marc:datafield>
        <marc:datafield ind1=" " ind2=" " tag="337">
            <!-- oprettet 337 felt, oftest vanlig bok -->
            <marc:subfield code="a">unmediated</marc:subfield>
            <marc:subfield code="0">http://rdaregistry.info/termList/RDAMediaType/1007</marc:subfield>
            <marc:subfield code="2">rdamedia</marc:subfield>
        </marc:datafield>
        <marc:datafield ind1=" " ind2=" " tag="338">
            <!-- opprettet felt 3xx, Bøker (ikke-e-bok)-->
            <marc:subfield code="a">volume</marc:subfield>
            <marc:subfield code="0">http://rdaregistry.info/termList/RDACarrierType/1049</marc:subfield>
            <marc:subfield code="2">rdacarrier</marc:subfield>
        </marc:datafield>
        <marc:datafield ind1=" " ind2=" " tag="380">
            <!-- opprettet felt 3xx, -->
            <marc:subfield code="a">tegneserier</marc:subfield>
            <marc:subfield code="2">humord</marc:subfield>
        </marc:datafield>
        <marc:datafield ind1=" " ind2=" " tag="380">
            <!-- opprettet felt 3xx, -->
            <marc:subfield code="a">fantastisk litteratur</marc:subfield>
            <marc:subfield code="2">humord</marc:subfield>
        </marc:datafield>
        <marc:datafield ind1=" " ind2=" " tag="500">
            <marc:subfield code="a">På omsl.: Medusa.</marc:subfield>
        </marc:datafield>
        <marc:datafield ind1=" " ind2=" " tag="500">
            <marc:subfield code="a">Tidigare utg. i 3 vol.</marc:subfield>
        </marc:datafield>
        <marc:datafield ind1=" " ind2=" " tag="500">
            <marc:subfield code="a">Första svenska uppl. 1991 och 1992.</marc:subfield>
        </marc:datafield>
        <marc:datafield ind1=" " ind2="0" tag="653">
            <marc:subfield code="a">Skjønnlitteratur.</marc:subfield>
        </marc:datafield>
        <marc:datafield ind1=" " ind2="4" tag="650">
            <marc:subfield code="a">Tegneserier</marc:subfield>
        </marc:datafield>
        <marc:datafield ind1="1" ind2=" " tag="700">
            <marc:subfield code="a">Wenzel, David.</marc:subfield>
            <marc:subfield code="d">1950-</marc:subfield>
            <marc:subfield code="4">ill</marc:subfield>
            <!-- på LIBRIS' nettsteder står han oppført som forfatter, men dette er feil -->
            <marc:subfield code="e">illustratør</marc:subfield>
            <marc:subfield code="0">14887593</marc:subfield>
            <marc:subfield code="1">https://viaf.org/viaf/14887593/</marc:subfield>
        </marc:datafield>
        <marc:datafield ind1="1" ind2=" " tag="700">
            <marc:subfield code="a">Tolkien, J.R.R.</marc:subfield>
            <marc:subfield code="q">(John Ronald Reuel)</marc:subfield>
            <marc:subfield code="d">1892-1973</marc:subfield>
            <!--
            <marc:subfield code="t">Bilbo.</marc:subfield>  her har katalogisator satt på feil subfield? Tolkien har aldri skrevet et slikt verk -->
            <marc:subfield code="0">95218067</marc:subfield>
            <marc:subfield code="1">http://viaf.org/viaf/95218067</marc:subfield>
        </marc:datafield>
        <marc:datafield ind1="1" ind2=" " tag="700">
            <marc:subfield code="a">Hallqvist, Britt G.</marc:subfield>
            <marc:subfield code="q">(Gerda)</marc:subfield>
            <marc:subfield code="d">1914-1997</marc:subfield>
            <marc:subfield code="e">oversetter</marc:subfield>
            <marc:subfield code="4">trl</marc:subfield>
            <marc:subfield code="0">69036967</marc:subfield>
            <marc:subfield code="1">http://viaf.org/viaf/69036967</marc:subfield>
        </marc:datafield>
        <marc:datafield ind1="1" ind2=" " tag="700">
            <marc:subfield code="a">Höglund, Jan-Erik</marc:subfield>
            <marc:subfield code="e">illustratør</marc:subfield>
            <marc:subfield code="4">ill</marc:subfield>
            <marc:subfield code="0">308778527</marc:subfield>
            <marc:subfield code="1">http://viaf.org/viaf/308778527</marc:subfield>
            <!-- usikker på om dette er han -->
        </marc:datafield>
        <marc:datafield ind1="1" ind2=" " tag="700">
            <marc:subfield code="a">Pettersson, Gunnar</marc:subfield>
            <marc:subfield code="e">illustratør</marc:subfield>
            <marc:subfield code="4">ill</marc:subfield>
            <marc:subfield code="0">100311797</marc:subfield>
            <marc:subfield code="1">http://viaf.org/viaf/100311797</marc:subfield>
            <!-- litt usikker på om dette er han! -->
        </marc:datafield>
    </marc:record>