
    <marc:record>
        <marc:leader>00587camsa2200169ba 4500</marc:leader>
        <marc:controlfield tag="008">                                   ger  </marc:controlfield>
        <marc:datafield ind1="0" ind2="0" tag="020">
            <marc:subfield code="a">3-608-93541-X</marc:subfield>
        </marc:datafield>
        <marc:datafield ind1="1" ind2="0" tag="041">
            <marc:subfield code="a">ger</marc:subfield>
            <marc:subfield code="h">eng </marc:subfield>
        </marc:datafield>
        <marc:datafield ind1="1" ind2=" " tag="100">
            <marc:subfield code="a">Tolkien, J.R.R.</marc:subfield>
            <marc:subfield code="q">(John Ronald Reuel)</marc:subfield>
            <marc:subfield code="d">1892-1973</marc:subfield>
            <marc:subfield code="4">aut</marc:subfield>
            <marc:subfield code="e">forfatter</marc:subfield>
            <marc:subfield code="0">95218067</marc:subfield>
            <marc:subfield code="1">http://viaf.org/viaf/95218067</marc:subfield>
        </marc:datafield>
        <marc:datafield ind1="0" ind2="4" tag="240">
            <!-- opprettet marc-felt -->
            <marc:subfield code="a">The Fellowship of the Ring</marc:subfield>
            <marc:subfield code="l">Tysk</marc:subfield>
            <marc:subfield code="0">Q208002</marc:subfield>
            <marc:subfield code="1">https://www.wikidata.org/wiki/Q208002</marc:subfield>
            <!-- LOTR-bok, nr.1 -->
        </marc:datafield>
        <marc:datafield ind1=" " ind2=" " tag="244">
            <marc:subfield code="s">Originaltittel</marc:subfield>
            <marc:subfield code="a">The fellowship of the ring.</marc:subfield>
        </marc:datafield>
        <marc:datafield ind1="1" ind2="0" tag="245">
            <marc:subfield code="a">Der Herr der Ringe 1 :</marc:subfield>
            <marc:subfield code="b">Die Gefährten/</marc:subfield>
            <marc:subfield code="c">J.R.R Tolkien ; aus dem englischen übersetzt von Wolfgang Krege.</marc:subfield>
        </marc:datafield>
        <marc:datafield ind1=" " ind2=" " tag="250">
            <marc:subfield code="a">14. oppl.</marc:subfield>
        </marc:datafield>
        <marc:datafield ind1="0" ind2=" " tag="260">
            <marc:subfield code="a">Stuttgart :</marc:subfield>
            <marc:subfield code="b">Klett-Cotta,</marc:subfield>
            <marc:subfield code="c">2003.</marc:subfield>
        </marc:datafield>
        <marc:datafield ind1=" " ind2=" " tag="300">
            <marc:subfield code="a">526 s. </marc:subfield>
            <marc:subfield code="n">Bok.</marc:subfield>
        </marc:datafield>
        <marc:datafield ind1=" " ind2=" " tag="336">
            <!-- opprettet felt 336, vanlig bok -->
            <marc:subfield code="a">text</marc:subfield>
            <marc:subfield code="b">txt</marc:subfield>
            <marc:subfield code="0">http://rdaregistry.info/termList/RDAContentType/1020</marc:subfield>
            <marc:subfield code="2">rdacontent</marc:subfield>
        </marc:datafield>
        <marc:datafield ind1=" " ind2=" " tag="337">
            <!-- oprettet 337 felt, oftest vanlig bok -->
            <marc:subfield code="a">unmediated</marc:subfield>
            <marc:subfield code="0">http://rdaregistry.info/termList/RDAMediaType/1007</marc:subfield>
            <marc:subfield code="2">rdamedia</marc:subfield>
        </marc:datafield>
        <marc:datafield ind1=" " ind2=" " tag="338">
            <!-- opprettet felt 3xx, Bøker (ikke-e-bok)-->
            <marc:subfield code="a">volume</marc:subfield>
            <marc:subfield code="0">http://rdaregistry.info/termList/RDACarrierType/1049</marc:subfield>
            <marc:subfield code="2">rdacarrier</marc:subfield>
        </marc:datafield>
        <marc:datafield ind1=" " ind2=" " tag="380">
            <!-- opprettet felt 3xx, -->
            <marc:subfield code="a">romaner</marc:subfield>
            <marc:subfield code="2">humord</marc:subfield>
        </marc:datafield>
        <marc:datafield ind1=" " ind2=" " tag="380">
            <!-- opprettet felt 3xx, -->
            <marc:subfield code="a">fantastisk litteratur</marc:subfield>
            <marc:subfield code="2">humord</marc:subfield>
        </marc:datafield>
        <marc:datafield ind1=" " ind2=" " tag="440">
            <marc:subfield code="a">Der Herr der Ringe.</marc:subfield>
        </marc:datafield>
        <marc:datafield ind1="0" ind2="0" tag="653">
            <marc:subfield code="a">Skjønnlitteratur.</marc:subfield>
        </marc:datafield>
        <marc:datafield ind1="1" ind2=" " tag="700">
            <!-- oprettet felt -->
            <marc:subfield code="a">Tolkien, J.R.R.</marc:subfield>
            <marc:subfield code="q">(John Ronald Reuel)</marc:subfield>
            <marc:subfield code="d">1892-1973</marc:subfield>
            <marc:subfield code="i">is succeeded by work</marc:subfield>
            <marc:subfield code="4">http://rdaregistry.info/Elements/w/succeededByWork.en</marc:subfield>
            <!-- http://rdaregistry.info/Elements/w/P10170 -->
            <marc:subfield code="t">The Two Towers</marc:subfield>
            <marc:subfield code="0">Q332388</marc:subfield>
            <marc:subfield code="1">https://www.wikidata.org/wiki/Q332388</marc:subfield>
        </marc:datafield>
        <marc:datafield ind1="1" ind2=" " tag="700">
            <!-- bok nr.3 er en etterkommer av denne her | | denne boka kommer etter den du finner i 240 -->
            <marc:subfield code="a">Tolkien, J.R.R.</marc:subfield>
            <marc:subfield code="q">(John Ronald Reuel)</marc:subfield>
            <marc:subfield code="d">1892-1973</marc:subfield>
            <marc:subfield code="i">is succeeded by work</marc:subfield>
            <marc:subfield code="4">http://rdaregistry.info/Elements/w/succeededByWork.en</marc:subfield>
            <!-- http://rdaregistry.info/Elements/w/P10170 -->
            <marc:subfield code="t">The Return of the King</marc:subfield>
            <marc:subfield code="0">Q332581</marc:subfield>
            <marc:subfield code="1">https://www.wikidata.org/wiki/Q332581</marc:subfield>
        </marc:datafield>
        <marc:datafield ind1="1" ind2=" " tag="800">
            <!-- opprettet felt -->
            <marc:subfield code="a">Tolkien, J.R.R.</marc:subfield>
            <marc:subfield code="q">(John Ronald Reuel)</marc:subfield>
            <marc:subfield code="d">1892-1973</marc:subfield>
            <marc:subfield code="t">The Lord of the Rings</marc:subfield>
            <!-- boktrilogien -->
            <marc:subfield code="l">Tysk</marc:subfield>
            <marc:subfield code="v">1.</marc:subfield>
            <marc:subfield code="0">Q15228</marc:subfield>
            <!-- boktrilogien -->
            <marc:subfield code="1">https://www.wikidata.org/wiki/Q15228</marc:subfield>
            <!-- boktrilogien -->
        </marc:datafield>
    </marc:record>