
    <marc:record>
        <marc:leader>00824ccm a2200265 a 4500</marc:leader>
        <marc:controlfield tag="001">0047840110</marc:controlfield>
        <marc:controlfield tag="008">971105         gb u                -    </marc:controlfield>
        <marc:datafield ind1=" " ind2=" " tag="020">
            <marc:subfield code="a">0-04-784011-0</marc:subfield>
        </marc:datafield>
        <marc:datafield ind1="1" ind2=" " tag="100">
            <marc:subfield code="a">Tolkien, J.R.R.</marc:subfield>
            <marc:subfield code="q">(John Ronald Reuel)</marc:subfield>
            <marc:subfield code="d">1892-1973</marc:subfield>
            <marc:subfield code="4">aut</marc:subfield>
            <marc:subfield code="e">forfatter</marc:subfield>
            <marc:subfield code="0">95218067</marc:subfield>
            <marc:subfield code="1">http://viaf.org/viaf/95218067</marc:subfield>
        </marc:datafield>
        <marc:datafield ind1="1" ind2="4" tag="240">
            <marc:subfield code="a">The Road Goes Ever On</marc:subfield>
            <marc:subfield code="l">Engelsk</marc:subfield>
            <marc:subfield code="0">Q267881</marc:subfield>
            <marc:subfield code="1">https://www.wikidata.org/wiki/Q267881</marc:subfield>
        </marc:datafield>
        <marc:datafield ind1="1" ind2="4" tag="245">
            <marc:subfield code="a">The road goes ever on</marc:subfield>
            <marc:subfield code="h">[Musiktryck] :</marc:subfield>
            <marc:subfield code="b">a songcycle /</marc:subfield>
            <marc:subfield code="c">poems by J. R. R. Tolkien ; music by Donald Swann ; with decorations by J. R. R. Tolkien.</marc:subfield>
            <!-- forslag til endring ? 
			<marc:subfield code="0">68890eca-c8e6-447f-80e3-1614528c2950</marc:subfield>
			<marc:subfield code="1">https://musicbrainz.org/release-group/68890eca-c8e6-447f-80e3-1614528c2950</marc:subfield>
			ser dette riktig ut? -->
        </marc:datafield>
        <marc:datafield ind1=" " ind2=" " tag="250">
            <marc:subfield code="a">1. utg.</marc:subfield>
        </marc:datafield>
        <marc:datafield ind1=" " ind2=" " tag="260">
            <marc:subfield code="a">London :</marc:subfield>
            <marc:subfield code="b">Allen and Unwin,</marc:subfield>
            <marc:subfield code="c">1978.</marc:subfield>
        </marc:datafield>
        <marc:datafield ind1=" " ind2=" " tag="300">
            <marc:subfield code="a">75 s. </marc:subfield>
            <marc:subfield code="n">Musikktrykk.</marc:subfield>
        </marc:datafield>
        <marc:datafield ind1=" " ind2=" " tag="336">
            <!-- opprettet felt 336, vanlig bok -->
            <marc:subfield code="a">text</marc:subfield>
            <marc:subfield code="b">txt</marc:subfield>
            <marc:subfield code="0">http://rdaregistry.info/termList/RDAContentType/1020</marc:subfield>
            <marc:subfield code="2">rdacontent</marc:subfield>
        </marc:datafield>
        <marc:datafield ind1=" " ind2=" " tag="336">
            <!-- opprettet felt 336, notert musikk(noter) -->
            <marc:subfield code="a">notated music</marc:subfield>
            <marc:subfield code="b">ntm</marc:subfield>
            <marc:subfield code="0">http://rdaregistry.info/termList/RDAContentType/1010</marc:subfield>
            <marc:subfield code="2">rdacontent</marc:subfield>
        </marc:datafield>
        <marc:datafield ind1=" " ind2=" " tag="337">
            <!-- oprettet 337 felt, oftest vanlig bok -->
            <marc:subfield code="a">unmediated</marc:subfield>
            <marc:subfield code="0">http://rdaregistry.info/termList/RDAMediaType/1007</marc:subfield>
            <marc:subfield code="2">rdamedia</marc:subfield>
        </marc:datafield>
        <marc:datafield ind1=" " ind2=" " tag="338">
            <!-- opprettet felt 3xx, Bøker (ikke-e-bok)-->
            <marc:subfield code="a">volume</marc:subfield>
            <marc:subfield code="0">http://rdaregistry.info/termList/RDACarrierType/1049</marc:subfield>
            <marc:subfield code="2">rdacarrier</marc:subfield>
        </marc:datafield>
        <marc:datafield ind1=" " ind2=" " tag="380">
            <!-- opprettet felt -->
            <marc:subfield code="a">musikknotasjon</marc:subfield>
            <marc:subfield code="2">humord</marc:subfield>
        </marc:datafield>
        <marc:datafield ind1="0" ind2="4" tag="653">
            <marc:subfield code="a">1 stemme.</marc:subfield>
        </marc:datafield>
        <marc:datafield ind1="0" ind2="0" tag="653">
            <marc:subfield code="a">Musikalier.</marc:subfield>
        </marc:datafield>
        <marc:datafield ind1="0" ind2="0" tag="653">
            <marc:subfield code="a">Piano.</marc:subfield>
        </marc:datafield>
        <marc:datafield ind1="0" ind2="4" tag="653">
            <marc:subfield code="a">Solosang.</marc:subfield>
        </marc:datafield>
        <marc:datafield ind1="0" ind2="4" tag="653">
            <marc:subfield code="a">Sang.</marc:subfield>
        </marc:datafield>
        <marc:datafield ind1="0" ind2="0" tag="653">
            <marc:subfield code="a">Tangentinstrument.</marc:subfield>
        </marc:datafield>
        <marc:datafield ind1="0" ind2="0" tag="653">
            <marc:subfield code="a">Vokalmusik.</marc:subfield>
        </marc:datafield>
        <marc:datafield ind1="0" ind2="0" tag="653">
            <marc:subfield code="a">Ballader.</marc:subfield>
        </marc:datafield>
        <marc:datafield ind1="0" ind2="0" tag="653">
            <marc:subfield code="a">Lieder.</marc:subfield>
        </marc:datafield>
        <marc:datafield ind1="0" ind2="0" tag="653">
            <marc:subfield code="a">Romanser.</marc:subfield>
        </marc:datafield>
        <!--       <marc:datafield ind1="1" ind2=" " tag="700">  dobbelt opp ? burde vi fjerne han da? 
            <marc:subfield code="a">Tolkien, J.R.R.</marc:subfield>
            <marc:subfield code="q">(John Ronald Reuel)</marc:subfield>
            <marc:subfield code="d">1892-1973.</marc:subfield>
        </marc:datafield>-->
        <marc:datafield ind1="1" ind2=" " tag="700">
            <marc:subfield code="a">Swann, Donald</marc:subfield>
            <marc:subfield code="d">1923-1994</marc:subfield>
            <marc:subfield code="0">f27c2b48-d3ea-48ad-9d4b-0762c8593301</marc:subfield>
            <marc:subfield code="1">https://musicbrainz.org/artist/f27c2b48-d3ea-48ad-9d4b-0762c8593301</marc:subfield>
            <marc:subfield code="4">cmp</marc:subfield>
            <marc:subfield code="e">komponist</marc:subfield>
        </marc:datafield>
    </marc:record>