
    <marc:record>
        <marc:leader>00962cam a2200277 a 4500</marc:leader>
        <marc:controlfield tag="003">LIBRIS</marc:controlfield>
        <marc:controlfield tag="003">LIBRIS</marc:controlfield>
        <marc:controlfield tag="005">20170605121431.0</marc:controlfield>
        <marc:controlfield tag="008">041123s2005    sw ||||      |00| f swe  </marc:controlfield>
        <marc:datafield ind1=" " ind2=" " tag="020">
            <marc:subfield code="a">9113013645 (ib.)</marc:subfield>
        </marc:datafield>
        <marc:datafield ind1="0" ind2="0" tag="029">
            <marc:subfield code="a">9706000</marc:subfield>
        </marc:datafield>
        <marc:datafield ind1=" " ind2=" " tag="040">
            <marc:subfield code="a">LGEN</marc:subfield>
            <marc:subfield code="d">NB</marc:subfield>
        </marc:datafield>
        <marc:datafield ind1="1" ind2=" " tag="041">
            <marc:subfield code="a">swe</marc:subfield>
            <marc:subfield code="h">eng</marc:subfield>
        </marc:datafield>
        <marc:datafield ind1=" " ind2=" " tag="042">
            <marc:subfield code="9">NB</marc:subfield>
        </marc:datafield>
        <marc:datafield ind1="1" ind2=" " tag="100">
            <marc:subfield code="a">Tolkien, J.R.R.</marc:subfield>
            <marc:subfield code="q">(John Ronald Reuel)</marc:subfield>
            <marc:subfield code="d">1892-1973</marc:subfield>
            <marc:subfield code="4">aut</marc:subfield>
            <marc:subfield code="e">forfatter</marc:subfield>
            <marc:subfield code="0">95218067</marc:subfield>
            <marc:subfield code="1">http://viaf.org/viaf/95218067</marc:subfield>
        </marc:datafield>
        <marc:datafield ind1="1" ind2="4" tag="240">
            <marc:subfield code="a">The Two Towers</marc:subfield>
            <marc:subfield code="l">Svensk</marc:subfield>
            <marc:subfield code="0">Q332388</marc:subfield>
            <marc:subfield code="1">https://www.wikidata.org/wiki/Q332388</marc:subfield>
        </marc:datafield>
        <marc:datafield ind1="1" ind2="3" tag="245">
            <marc:subfield code="a">De två tornen :</marc:subfield>
            <marc:subfield code="b">andra delen av Ringarnas herre /</marc:subfield>
            <marc:subfield code="c">J. R. R. Tolkien ; översättning: Erik Andersson ; verserna tolkade av Lotta Olsson.</marc:subfield>
        </marc:datafield>
        <marc:datafield ind1=" " ind2=" " tag="260">
            <marc:subfield code="a">Stockholm :</marc:subfield>
            <marc:subfield code="b">Norstedt,</marc:subfield>
            <marc:subfield code="c">2005</marc:subfield>
            <marc:subfield code="e">(Norge)</marc:subfield>
        </marc:datafield>
        <marc:datafield ind1=" " ind2=" " tag="300">
            <marc:subfield code="a">414, [1] s. ;</marc:subfield>
            <marc:subfield code="c">22 cm.</marc:subfield>
        </marc:datafield>
        <marc:datafield ind1=" " ind2=" " tag="336">
            <!-- opprettet felt 336, vanlig bok -->
            <marc:subfield code="a">text</marc:subfield>
            <marc:subfield code="b">txt</marc:subfield>
            <marc:subfield code="0">http://rdaregistry.info/termList/RDAContentType/1020</marc:subfield>
            <marc:subfield code="2">rdacontent</marc:subfield>
        </marc:datafield>
        <marc:datafield ind1=" " ind2=" " tag="337">
            <!-- oprettet 337 felt, oftest vanlig bok -->
            <marc:subfield code="a">unmediated</marc:subfield>
            <marc:subfield code="0">http://rdaregistry.info/termList/RDAMediaType/1007</marc:subfield>
            <marc:subfield code="2">rdamedia</marc:subfield>
        </marc:datafield>
        <marc:datafield ind1=" " ind2=" " tag="338">
            <!-- opprettet felt 3xx, Bøker (ikke-e-bok)-->
            <marc:subfield code="a">volume</marc:subfield>
            <marc:subfield code="0">http://rdaregistry.info/termList/RDACarrierType/1049</marc:subfield>
            <marc:subfield code="2">rdacarrier</marc:subfield>
        </marc:datafield>
        <marc:datafield ind1=" " ind2=" " tag="380">
            <!-- opprettet felt -->
            <marc:subfield code="a">fantastisk litteratur</marc:subfield>
            <marc:subfield code="2">humord</marc:subfield>
        </marc:datafield>
        <marc:datafield ind1=" " ind2=" " tag="380">
            <!-- opprettet felt 3xx, -->
            <marc:subfield code="a">romaner</marc:subfield>
            <marc:subfield code="2">humord</marc:subfield>
        </marc:datafield>
        <marc:datafield ind1="1" ind2=" " tag="440">
            <marc:subfield code="a">Ringarnas herre ;</marc:subfield>
            <marc:subfield code="v">2.</marc:subfield>
        </marc:datafield>
        <marc:datafield ind1=" " ind2=" " tag="500">
            <marc:subfield code="a">Första svenska upplaga 1960 med titeln: Sagan om de två tornen. Första upplaga i denna översättning 2005.</marc:subfield>
        </marc:datafield>
        <marc:datafield ind1="0" ind2="0" tag="653">
            <marc:subfield code="a">Skjønnlitteratur.</marc:subfield>
        </marc:datafield>
        <marc:datafield ind1=" " ind2="4" tag="650">
            <marc:subfield code="a">Fantasy</marc:subfield>
        </marc:datafield>
        <marc:datafield ind1="1" ind2=" " tag="700">
            <marc:subfield code="a">Andersson, Erik</marc:subfield>
            <marc:subfield code="d">1962-</marc:subfield>
            <marc:subfield code="4">trl</marc:subfield>
            <marc:subfield code="e">oversetter</marc:subfield>
            <marc:subfield code="0">51929878</marc:subfield>
            <marc:subfield code="1">http://viaf.org/viaf/51929878</marc:subfield>
        </marc:datafield>
        <marc:datafield ind1="1" ind2=" " tag="700">
            <marc:subfield code="a">Olsson, Lotta</marc:subfield>
            <marc:subfield code="d">1973-</marc:subfield>
            <marc:subfield code="4">trl</marc:subfield>
            <marc:subfield code="e">oversetter</marc:subfield>
            <marc:subfield code="0">9358121</marc:subfield>
            <marc:subfield code="1">http://viaf.org/viaf/9358121</marc:subfield>
        </marc:datafield>
        <marc:datafield ind1="1" ind2=" " tag="700">
            <!-- Bok nr.1 er en forkommer av denne her | denne boka går foran den du finner i 240-->
            <marc:subfield code="a">Tolkien, J.R.R.</marc:subfield>
            <marc:subfield code="q">(John Ronald Reuel)</marc:subfield>
            <marc:subfield code="d">1892-1973</marc:subfield>
            <marc:subfield code="i">is preceded by work</marc:subfield>
            <marc:subfield code="4">http://rdaregistry.info/Elements/w/precededByWork.en</marc:subfield>
            <!-- http://rdaregistry.info/Elements/w/P10156 går foran -->
            <marc:subfield code="t">The Fellowship of the Ring</marc:subfield>
            <marc:subfield code="0">Q208002</marc:subfield>
            <marc:subfield code="1">https://www.wikidata.org/wiki/Q208002</marc:subfield>
        </marc:datafield>
        <marc:datafield ind1="1" ind2=" " tag="700">
            <!-- bok nr.3 er en etterkommer av denne her | | denne boka kommer etter den du finner i 240 -->
            <marc:subfield code="a">Tolkien, J.R.R.</marc:subfield>
            <marc:subfield code="d">1892-1973</marc:subfield>
            <marc:subfield code="i">is succeeded by work</marc:subfield>
            <marc:subfield code="4">http://rdaregistry.info/Elements/w/succeededByWork.en</marc:subfield>
            <!-- http://rdaregistry.info/Elements/w/P10170 -->
            <marc:subfield code="t">The Return of the King</marc:subfield>
            <marc:subfield code="0">Q332581</marc:subfield>
            <marc:subfield code="1">https://www.wikidata.org/wiki/Q332581</marc:subfield>
        </marc:datafield>
        <marc:datafield ind1="1" ind2=" " tag="800">
            <!-- opprettet felt -->
            <marc:subfield code="a">Tolkien, J.R.R.</marc:subfield>
            <marc:subfield code="q">(John Ronald Reuel)</marc:subfield>
            <marc:subfield code="d">1892-1973</marc:subfield>
            <marc:subfield code="t">The Lord of the Rings</marc:subfield>
            <!-- boktrilogien -->
            <marc:subfield code="l">Svensk</marc:subfield>
            <marc:subfield code="v">2.</marc:subfield>
            <marc:subfield code="0">Q15228</marc:subfield>
            <!-- boktrilogien -->
            <marc:subfield code="1">https://www.wikidata.org/wiki/Q15228</marc:subfield>
            <!-- boktrilogien -->
        </marc:datafield>
    </marc:record>