
    <marc:record>
        <marc:leader>02016cam a22002413a 4500</marc:leader>
        <marc:controlfield tag="003">LIBRIS</marc:controlfield>
        <marc:controlfield tag="005">20150113122645.0</marc:controlfield>
        <marc:controlfield tag="007">cr||||||||||||</marc:controlfield>
        <marc:controlfield tag="008">130309s2013    sw |||| o    |||| ||swe d</marc:controlfield>
        <marc:datafield ind1=" " ind2=" " tag="020">
            <marc:subfield code="a">9789163874642</marc:subfield>
        </marc:datafield>
        <marc:datafield ind1="7" ind2=" " tag="024">
            <marc:subfield code="5">GbgE</marc:subfield>
            <marc:subfield code="a">1013899</marc:subfield>
        </marc:datafield>
        <marc:datafield ind1=" " ind2=" " tag="029">
            <marc:subfield code="a">13760083</marc:subfield>
        </marc:datafield>
        <marc:datafield ind1="1" ind2=" " tag="100">
            <marc:subfield code="a">Paolini, Christopher</marc:subfield>
            <marc:subfield code="d">1983-</marc:subfield>
            <marc:subfield code="e">forfatter</marc:subfield>
            <marc:subfield code="4">aut</marc:subfield>
            <marc:subfield code="0">49468743</marc:subfield>
            <marc:subfield code="1">http://viaf.org/viaf/49468743</marc:subfield>
        </marc:datafield>
        <marc:datafield ind1="0" ind2="0" tag="240">
            <!-- opprettet felt -->
            <marc:subfield code="a">Inheritance</marc:subfield>
            <marc:subfield code="l">Svensk</marc:subfield>
            <marc:subfield code="0">Q60672</marc:subfield>
            <marc:subfield code="1">https://www.wikidata.org/wiki/Q60672</marc:subfield>
        </marc:datafield>
        <marc:datafield ind1="1" ind2="0" tag="245">
            <marc:subfield code="a">Arvtagaren eller själavalvet</marc:subfield>
            <marc:subfield code="h">[Elektronisk resurs]</marc:subfield>
        </marc:datafield>
        <marc:datafield ind1=" " ind2=" " tag="260">
            <marc:subfield code="b">Bonnier Carlsen,</marc:subfield>
            <marc:subfield code="c">2013.</marc:subfield>
        </marc:datafield>
        <marc:datafield ind1=" " ind2=" " tag="336">
            <!-- opprettet felt 336, vanlig bok, men de andre 3xx-feltene beskriver e-boka  -->
            <marc:subfield code="a">text</marc:subfield>
            <marc:subfield code="b">txt</marc:subfield>
            <marc:subfield code="0">http://rdaregistry.info/termList/RDAContentType/1020</marc:subfield>
            <marc:subfield code="2">rdacontent</marc:subfield>
        </marc:datafield>
        <marc:datafield ind1=" " ind2=" " tag="337">
            <!-- opprettet felt 3xx, maskinfil -->
            <marc:subfield code="a">computer</marc:subfield>
            <marc:subfield code="0">http://rdaregistry.info/termList/RDAMediaType/1003</marc:subfield>
            <marc:subfield code="2">rdamedia</marc:subfield>
        </marc:datafield>
        <marc:datafield ind1=" " ind2=" " tag="338">
            <!-- opprettet felt 338, lydfil/app -->
            <marc:subfield code="a">online resource</marc:subfield>
            <marc:subfield code="0">http://rdaregistry.info/termList/RDACarrierType/1018</marc:subfield>
            <marc:subfield code="2">rdacarrier</marc:subfield>
        </marc:datafield>
        <marc:datafield ind1=" " ind2=" " tag="380">
            <!-- opprettet felt 3xx, -->
            <marc:subfield code="a">romaner</marc:subfield>
            <marc:subfield code="2">humord</marc:subfield>
        </marc:datafield>
        <marc:datafield ind1=" " ind2=" " tag="380">
            <!-- opprettet felt -->
            <marc:subfield code="a">e-bøker</marc:subfield>
            <marc:subfield code="2">humord</marc:subfield>
        </marc:datafield>
        <marc:datafield ind1=" " ind2=" " tag="520">
            <marc:subfield code="a">Slutet på världens största fantasyäventyr! 
			För inte så länge sedan var Eragon, drakryttaren, inget annat än en fattig bondpojke,
			och hans drake Saphira endast en blå sten I skogen. Nu vilar en hel civilisations öde på deras axlar.
			Många månader av träning och slag har fört med sig både segrar och hopp, men också hjärtslitande förluster.
			Dessutom väntar fortfarande den svåraste utmaningen: de måste möta Galbatorix. Och när de gör det måste de vara starka nog att besegra honom.
			För om inte de kan, kan ingen. En andra chans existerar inte.Ryttaren och hans drake har kommit längre än någon vågat hoppas.
			Men kan de övervinna den ondskefulla kungen och återinföra rättvisan I Alagaësia? Och till vilket pris?
			"Arvtagaren" är den fjärde och sista delen i succéserien om Eragon och draken Saphira.
			I Sverige har böckerna sålt i närmare 300 000 exemplar.
			De tidigare delarna i serien heter: "Eragon", "Den äldste" och "Brisingr".
			Sagt om tidigare delar i serien: "Jag har inte läst en mer fullödig fantasyberättelse sedan Sagan om ringen".
			Kerstin Hagstrand-Velicu, BTJ-häftet "Ett äkta verk av en stor talang.
			"The New York Times Book Review "Jag avslöjar ingenting ... Skaffa boken. Läs den. Älska den!"Powells.com [Elib]</marc:subfield>
        </marc:datafield>
        <marc:datafield ind1=" " ind2=" " tag="538">
            <marc:subfield code="a">Offline EPUB med Adobe-kryptering</marc:subfield>
            <marc:subfield code="a">1.28 MB.</marc:subfield>
        </marc:datafield>
        <marc:datafield ind1=" " ind2="4" tag="655">
            <marc:subfield code="a">E-bøker.</marc:subfield>
        </marc:datafield>
        <marc:datafield ind1=" " ind2="4" tag="655">
            <marc:subfield code="a">Barn og Ungdom.</marc:subfield>
        </marc:datafield>
        <marc:datafield ind1="1" ind2=" " tag="700">
            <!-- Bok nr.1 er en forkommer av denne her | denne boka går foran den du finner i 240-->
            <marc:subfield code="a">Paolini, Christopher</marc:subfield>
            <marc:subfield code="d">1983-</marc:subfield>
            <marc:subfield code="i">is preceded by work</marc:subfield>
            <marc:subfield code="4">http://rdaregistry.info/Elements/w/precededByWork.en</marc:subfield>
            <!-- http://rdaregistry.info/Elements/w/P10156 går foran -->
            <marc:subfield code="t">Eragon</marc:subfield>
            <marc:subfield code="0">Q185449</marc:subfield>
            <marc:subfield code="1">https://www.wikidata.org/wiki/Q185449</marc:subfield>
        </marc:datafield>
        <marc:datafield ind1="1" ind2=" " tag="700">
            <!-- Bok nr.1 er en forkommer av denne her | denne boka går foran den du finner i 240-->
            <marc:subfield code="a">Paolini, Christopher</marc:subfield>
            <marc:subfield code="d">1983-</marc:subfield>
            <marc:subfield code="i">is preceded by work</marc:subfield>
            <marc:subfield code="4">http://rdaregistry.info/Elements/w/precededByWork.en</marc:subfield>
            <!-- http://rdaregistry.info/Elements/w/P10156 går foran -->
            <marc:subfield code="a">Eldest</marc:subfield>
            <marc:subfield code="0">Q308982</marc:subfield>
            <marc:subfield code="1">https://www.wikidata.org/wiki/Q308982</marc:subfield>
        </marc:datafield>
        <marc:datafield ind1="1" ind2=" " tag="700">
            <!-- Bok nr.1 er en forkommer av denne her | denne boka går foran den du finner i 240-->
            <marc:subfield code="a">Paolini, Christopher</marc:subfield>
            <marc:subfield code="d">1983-</marc:subfield>
            <marc:subfield code="i">is preceded by work</marc:subfield>
            <marc:subfield code="4">http://rdaregistry.info/Elements/w/precededByWork.en</marc:subfield>
            <!-- http://rdaregistry.info/Elements/w/P10156 går foran -->
            <marc:subfield code="a">Brisingr</marc:subfield>
            <marc:subfield code="0">Q718289</marc:subfield>
            <marc:subfield code="1">https://www.wikidata.org/wiki/Q718289</marc:subfield>
        </marc:datafield>
        <marc:datafield ind1="1" ind2=" " tag="700">
            <marc:subfield code="a">Eriksson, Lottie</marc:subfield>
            <marc:subfield code="d">1960-</marc:subfield>
            <marc:subfield code="e">oversetter</marc:subfield>
            <marc:subfield code="4">trl</marc:subfield>
            <marc:subfield code="0">306251448</marc:subfield>
            <marc:subfield code="1">http://viaf.org/viaf/306251448</marc:subfield>
        </marc:datafield>
        <marc:datafield ind1="1" ind2=" " tag="700">
            <marc:subfield code="a">Spångberg, Ylva</marc:subfield>
            <marc:subfield code="d">1961-</marc:subfield>
            <marc:subfield code="e">oversetter</marc:subfield>
            <marc:subfield code="4">trl</marc:subfield>
            <marc:subfield code="0">273079648</marc:subfield>
            <marc:subfield code="1">http://viaf.org/viaf/273079648</marc:subfield>
        </marc:datafield>
        <marc:datafield ind1="1" ind2=" " tag="700">
            <marc:subfield code="a">Östlund, Nina</marc:subfield>
            <marc:subfield code="d">1953-</marc:subfield>
            <marc:subfield code="e">oversetter</marc:subfield>
            <marc:subfield code="4">trl</marc:subfield>
            <marc:subfield code="0">274323342</marc:subfield>
            <marc:subfield code="1">http://viaf.org/viaf/274323342</marc:subfield>
        </marc:datafield>
        <marc:datafield ind1="1" ind2=" " tag="800">
            <!-- opprettet felt -->
            <marc:subfield code="a">Paolini, Christopher</marc:subfield>
            <marc:subfield code="d">1983-</marc:subfield>
            <marc:subfield code="t">Inheritance Cycle tetralogy</marc:subfield>
            <marc:subfield code="v">4.</marc:subfield>
            <marc:subfield code="l">Svensk</marc:subfield>
            <marc:subfield code="0">Q2699024</marc:subfield>
            <marc:subfield code="1">https://www.wikidata.org/wiki/Q2699024</marc:subfield>
        </marc:datafield>
        <marc:datafield ind1="4" ind2="2" tag="856">
            <marc:subfield code="u">http://e-gotlib.elib.se/Books/Details/1013899</marc:subfield>
            <!-- behold, greit URI-->
            <marc:subfield code="z">Låna från ditt bibliotek. Lånekort krävs.</marc:subfield>
        </marc:datafield>
    </marc:record>