
    <marc:record>
        <marc:leader>01567cgmsa2200325ba 4500</marc:leader>
        <marc:controlfield tag="008">070108         sw     j            eng  </marc:controlfield>
        <marc:datafield ind1="4" ind2="0" tag="024">
            <marc:subfield code="g">511170</marc:subfield>
        </marc:datafield>
        <marc:datafield ind1="7" ind2=" " tag="027">
            <marc:subfield code="a">07305296</marc:subfield>
        </marc:datafield>
        <marc:datafield ind1="0" ind2=" " tag="130">
            <!-- opprettet felt -->
            <marc:subfield code="a">Eragon</marc:subfield>
            <marc:subfield code="l">flerspråklig</marc:subfield>
            <marc:subfield code="0">tt0449010</marc:subfield>
            <marc:subfield code="1">https://www.imdb.com/title/tt0449010/</marc:subfield>
        </marc:datafield>
        <marc:datafield ind1="1" ind2=" " tag="240">
            <!-- opprettet felt -->
            <marc:subfield code="a">Eragon</marc:subfield>
            <marc:subfield code="l">flerspråklig</marc:subfield>
            <marc:subfield code="0">tt0449010</marc:subfield>
            <marc:subfield code="1">https://www.imdb.com/title/tt0449010/</marc:subfield>
        </marc:datafield>
        <marc:datafield ind1="1" ind2="0" tag="245">
            <marc:subfield code="a">Eragon</marc:subfield>
            <marc:subfield code="h">[Videoupptagning] /</marc:subfield>
            <marc:subfield code="c">screenplay by Peter Buchman ; produced by John Davis, Wyck Godfrey ; directed by Stefen Fangmeier.</marc:subfield>
        </marc:datafield>
        <marc:datafield ind1="0" ind2=" " tag="260">
            <marc:subfield code="a">Stockholm :</marc:subfield>
            <marc:subfield code="b">SF,</marc:subfield>
            <marc:subfield code="c">[2007]</marc:subfield>
        </marc:datafield>
        <marc:datafield ind1=" " ind2=" " tag="300">
            <marc:subfield code="f">1 DVD-Video</marc:subfield>
            <marc:subfield code="a">1 t., 40 min. :</marc:subfield>
            <marc:subfield code="b">lyd, farge.</marc:subfield>
        </marc:datafield>
        <marc:datafield ind1=" " ind2=" " tag="336">
            <!-- opprettet felt -->
            <marc:subfield code="a">two-dimensional moving image</marc:subfield>
            <marc:subfield code="b">tdi</marc:subfield>
            <marc:subfield code="0">http://rdaregistry.info/termList/RDAContentType/1023</marc:subfield>
            <marc:subfield code="2">rdacontent</marc:subfield>
        </marc:datafield>
        <marc:datafield ind1=" " ind2=" " tag="337">
            <!-- opprettet felt -->
            <marc:subfield code="a">video</marc:subfield>
            <marc:subfield code="0">http://rdaregistry.info/termList/RDAMediaType/1008</marc:subfield>
            <marc:subfield code="2">rdamedia</marc:subfield>
        </marc:datafield>
        <marc:datafield ind1=" " ind2=" " tag="338">
            <!-- opprettet felt -->
            <marc:subfield code="a">videodisc</marc:subfield>
            <marc:subfield code="0">http://rdaregistry.info/termList/RDACarrierType/1060</marc:subfield>
            <marc:subfield code="2">rdacarrier</marc:subfield>
        </marc:datafield>
        <marc:datafield ind1=" " ind2=" " tag="380">
            <!-- opprettet felt -->
            <marc:subfield code="a">spillefilmer</marc:subfield>
            <marc:subfield code="2">humord</marc:subfield>
        </marc:datafield>
        <marc:datafield ind1=" " ind2=" " tag="300">
            <marc:subfield code="n">DVD-Video.</marc:subfield>
        </marc:datafield>
        <marc:datafield ind1=" " ind2=" " tag="505">
            <marc:subfield code="a">Innehåller även: Kommentarspår ; Borttagna/förlängda scener.</marc:subfield>
        </marc:datafield>
        <marc:datafield ind1=" " ind2=" " tag="545">
            <marc:subfield code="a">Bygger på romanen: Eragon / Christopher Paolini.</marc:subfield>
        </marc:datafield>
        <marc:datafield ind1=" " ind2=" " tag="545">
            <marc:subfield code="a">Originalfilmen: Twentieth Century Fox Film Corp. ; Dune Entertainment ; TCF Hungary Film Rights ..., cop. 2006.</marc:subfield>
        </marc:datafield>
        <marc:datafield ind1=" " ind2=" " tag="500">
            <marc:subfield code="a">Tal på engelska, dubbad till ungerska. Textad på svenska, norska, danska, finska, isländska, ungerska, engelska och otextad.</marc:subfield>
        </marc:datafield>
        <marc:datafield ind1="2" ind2=" " tag="511">
            <marc:subfield code="a">Skådespelare: Ed Speleers, Jeremy Irons, Sienna Guillory,
			Robert Carlyle, Djimon Hounsou, Garrett Hedlund, Joss Stone, Rachel Weisz, John Malkovich ...
			; foto: Hugh Johnson ; musik: Patrick Doyle.</marc:subfield>
        </marc:datafield>
        <marc:datafield ind1=" " ind2=" " tag="500">
            <marc:subfield code="a">Region 2; bildformat: widescreen version 16:9 letterbox widescreen (2.35:1); ljudformat: Dolby digital 5.1, DTS 5.1.</marc:subfield>
        </marc:datafield>
        <marc:datafield ind1="0" ind2="0" tag="653">
            <marc:subfield code="a">Skjønnlitteratur.</marc:subfield>
        </marc:datafield>
        <marc:datafield ind1=" " ind2="7" tag="655">
            <marc:subfield code="a">Fantasy</marc:subfield>
            <marc:subfield code="2">slba.</marc:subfield>
        </marc:datafield>
        <marc:datafield ind1=" " ind2="7" tag="655">
            <marc:subfield code="a">Action</marc:subfield>
            <marc:subfield code="2">slba.</marc:subfield>
        </marc:datafield>
        <marc:datafield ind1=" " ind2="4" tag="655">
            <marc:subfield code="a">Familiefilm</marc:subfield>
        </marc:datafield>
        <marc:datafield ind1="1" ind2=" " tag="700">
            <marc:subfield code="a">Paolini, Christopher</marc:subfield>
            <marc:subfield code="d">1983-</marc:subfield>
            <marc:subfield code="t">Eragon</marc:subfield>
            <marc:subfield code="0">Q185449</marc:subfield>
            <marc:subfield code="i">is adapted as motion picture work</marc:subfield>
            <marc:subfield code="4">http://rdaregistry.info/Elements/w/P10025</marc:subfield>
            <marc:subfield code="1">https://www.wikidata.org/wiki/Q185449</marc:subfield>
        </marc:datafield>
        <marc:datafield ind1="1" ind2="1" tag="700">
            <marc:subfield code="a">Buchman, Peter</marc:subfield>
            <marc:subfield code="d">1967-</marc:subfield>
            <marc:subfield code="e">manusforfatter</marc:subfield>
            <marc:subfield code="4">aus</marc:subfield>
            <marc:subfield code="0">nm0118224</marc:subfield>
            <marc:subfield code="1">https://www.imdb.com/name/nm0118224</marc:subfield>
        </marc:datafield>
        <marc:datafield ind1="1" ind2="2" tag="700">
            <marc:subfield code="a">Davis, John</marc:subfield>
            <marc:subfield code="d">1954-</marc:subfield>
            <marc:subfield code="e">filmprodusent</marc:subfield>
            <marc:subfield code="4">fmp</marc:subfield>
            <marc:subfield code="0">nm0204862</marc:subfield>
            <marc:subfield code="1">https://www.imdb.com/name/nm0204862</marc:subfield>
        </marc:datafield>
        <marc:datafield ind1="1" ind2="2" tag="700">
            <marc:subfield code="a">Godfrey, Wyck</marc:subfield>
            <marc:subfield code="e">filmprodusent</marc:subfield>
            <marc:subfield code="4">fmp</marc:subfield>
            <marc:subfield code="0">nm0324041</marc:subfield>
            <marc:subfield code="1">https://www.imdb.com/name/nm0324041</marc:subfield>
        </marc:datafield>
        <marc:datafield ind1="1" ind2="1" tag="700">
            <marc:subfield code="a">Paolini, Christopher</marc:subfield>
            <marc:subfield code="d">1983-</marc:subfield>
            <marc:subfield code="e">idéskaper</marc:subfield>
            <marc:subfield code="4">ccp</marc:subfield>
            <marc:subfield code="0">49468743</marc:subfield>
            <marc:subfield code="1">http://viaf.org/viaf/49468743</marc:subfield>
        </marc:datafield>
        <marc:datafield ind1="1" ind2="1" tag="700">
            <marc:subfield code="a">Fangmeier, Stefen</marc:subfield>
            <marc:subfield code="d">1960-</marc:subfield>
            <marc:subfield code="e">filmregissør</marc:subfield>
            <marc:subfield code="4">fmd</marc:subfield>
            <marc:subfield code="0">nm0266777</marc:subfield>
            <marc:subfield code="1">https://www.imdb.com/name/nm0266777</marc:subfield>
        </marc:datafield>
        <marc:datafield ind1="1" ind2="1" tag="700">
            <marc:subfield code="a">Johnson, Hugh</marc:subfield>
            <marc:subfield code="d">19..-2015</marc:subfield>
            <marc:subfield code="e">filmfotograf</marc:subfield>
            <marc:subfield code="4">cng</marc:subfield>
            <marc:subfield code="0">nm0425244</marc:subfield>
            <marc:subfield code="1">https://www.imdb.com/name/nm0425244</marc:subfield>
        </marc:datafield>
        <marc:datafield ind1="1" ind2="1" tag="700">
            <marc:subfield code="a">Doyle, Patrick</marc:subfield>
            <marc:subfield code="d">1953-</marc:subfield>
            <marc:subfield code="e">komponist</marc:subfield>
            <marc:subfield code="4">cmp</marc:subfield>
            <marc:subfield code="0">nm0236462</marc:subfield>
            <marc:subfield code="1">https://www.imdb.com/name/nm0236462/</marc:subfield>
        </marc:datafield>
    </marc:record>