
    <marc:record>
        <marc:leader>01243cam a2200325 c 4500</marc:leader>
        <marc:controlfield tag="001">991412567964702201</marc:controlfield>
        <marc:controlfield tag="005">20170126162347.0</marc:controlfield>
        <marc:controlfield tag="007">cr |||||||||||</marc:controlfield>
        <marc:controlfield tag="008">141016s2012    no#||||jo|||||000|f|nob|</marc:controlfield>
        <marc:datafield ind1=" " ind2=" " tag="015">
            <marc:subfield code="a">1414546</marc:subfield>
            <marc:subfield code="2">nbf</marc:subfield>
        </marc:datafield>
        <marc:datafield ind1=" " ind2=" " tag="020">
            <marc:subfield code="a">9788202386818</marc:subfield>
        </marc:datafield>
        <marc:datafield ind1=" " ind2=" " tag="035">
            <marc:subfield code="a">141256796-47bibsys_network</marc:subfield>
        </marc:datafield>
        <marc:datafield ind1=" " ind2=" " tag="035">
            <marc:subfield code="a">(NO-TrBIB)141256796</marc:subfield>
        </marc:datafield>
        <marc:datafield ind1=" " ind2=" " tag="040">
            <marc:subfield code="a">NO-OsNB</marc:subfield>
            <marc:subfield code="b">nob</marc:subfield>
            <marc:subfield code="e">katreg</marc:subfield>
        </marc:datafield>
        <marc:datafield ind1="1" ind2=" " tag="041">
            <marc:subfield code="h">eng</marc:subfield>
        </marc:datafield>
        <marc:datafield ind1=" " ind2=" " tag="042">
            <marc:subfield code="a">norbibl</marc:subfield>
        </marc:datafield>
        <marc:datafield ind1=" " ind2=" " tag="044">
            <marc:subfield code="c">no</marc:subfield>
        </marc:datafield>
        <marc:datafield ind1="1" ind2=" " tag="100">
            <marc:subfield code="a">Paolini, Christopher</marc:subfield>
            <marc:subfield code="d">1983-</marc:subfield>
            <marc:subfield code="e">forfatter</marc:subfield>
            <marc:subfield code="4">aut</marc:subfield>
            <marc:subfield code="0">49468743</marc:subfield>
            <marc:subfield code="1">http://viaf.org/viaf/49468743</marc:subfield>
        </marc:datafield>
        <marc:datafield ind1="0" ind2="0" tag="240">
            <!-- opprettet felt -->
            <marc:subfield code="a">Inheritance</marc:subfield>
            <marc:subfield code="l">Norsk</marc:subfield>
            <marc:subfield code="0">Q60672</marc:subfield>
            <marc:subfield code="1">https://www.wikidata.org/wiki/Q60672</marc:subfield>
        </marc:datafield>
        <marc:datafield ind1="1" ind2="0" tag="245">
            <marc:subfield code="a">Arven</marc:subfield>
            <marc:subfield code="c">oversatt av John Grande</marc:subfield>
            <marc:subfield code="h">[elektronisk ressurs]</marc:subfield>
            <marc:subfield code="n">4. bok</marc:subfield>
            <marc:subfield code="p">Arven, eller Sjelenes hvelv</marc:subfield>
        </marc:datafield>
        <marc:datafield ind1=" " ind2=" " tag="260">
            <marc:subfield code="a">Oslo :</marc:subfield>
            <marc:subfield code="b">Cappelen Damm,</marc:subfield>
            <marc:subfield code="c">2012</marc:subfield>
        </marc:datafield>
        <marc:datafield ind1=" " ind2=" " tag="300">
            <marc:subfield code="a">1 fil :</marc:subfield>
            <marc:subfield code="b">EPUB</marc:subfield>
        </marc:datafield>
        <marc:datafield ind1=" " ind2=" " tag="336">
            <!-- opprettet felt 336, vanlig bok -->
            <marc:subfield code="a">text</marc:subfield>
            <marc:subfield code="b">txt</marc:subfield>
            <marc:subfield code="0">http://rdaregistry.info/termList/RDAContentType/1020</marc:subfield>
            <marc:subfield code="2">rdacontent</marc:subfield>
        </marc:datafield>
        <marc:datafield ind1=" " ind2=" " tag="337">
            <!-- opprettet felt 3xx, maskinfil -->
            <marc:subfield code="a">computer</marc:subfield>
            <marc:subfield code="0">http://rdaregistry.info/termList/RDAMediaType/1003</marc:subfield>
            <marc:subfield code="2">rdamedia</marc:subfield>
        </marc:datafield>
        <marc:datafield ind1=" " ind2=" " tag="338">
            <!-- opprettet felt 338, lydfil/app -->
            <marc:subfield code="a">online resource</marc:subfield>
            <marc:subfield code="0">http://rdaregistry.info/termList/RDACarrierType/1018</marc:subfield>
            <marc:subfield code="2">rdacarrier</marc:subfield>
        </marc:datafield>
        <marc:datafield ind1=" " ind2=" " tag="380">
            <!-- opprettet felt 3xx, -->
            <marc:subfield code="a">romaner</marc:subfield>
            <marc:subfield code="2">humord</marc:subfield>
        </marc:datafield>
        <marc:datafield ind1=" " ind2=" " tag="380">
            <!-- opprettet felt -->
            <marc:subfield code="a">e-bøker</marc:subfield>
            <marc:subfield code="2">humord</marc:subfield>
        </marc:datafield>
        <marc:datafield ind1=" " ind2=" " tag="500">
            <marc:subfield code="a">Tittel fra tittelskjermbildet</marc:subfield>
        </marc:datafield>
        <marc:datafield ind1=" " ind2=" " tag="653">
            <marc:subfield code="a">fantastisk</marc:subfield>
            <marc:subfield code="a">litteratur</marc:subfield>
            <marc:subfield code="a">amerikansk</marc:subfield>
            <marc:subfield code="a">ungdomslitteratur</marc:subfield>
        </marc:datafield>
        <marc:datafield ind1="1" ind2=" " tag="700">
            <!-- Bok nr.1 er en forkommer av denne her | denne boka går foran den du finner i 240-->
            <marc:subfield code="a">Paolini, Christopher</marc:subfield>
            <marc:subfield code="d">1983-</marc:subfield>
            <marc:subfield code="i">is preceded by work</marc:subfield>
            <marc:subfield code="4">http://rdaregistry.info/Elements/w/precededByWork.en</marc:subfield>
            <!-- http://rdaregistry.info/Elements/w/P10156 går foran -->
            <marc:subfield code="t">Eragon</marc:subfield>
            <marc:subfield code="0">Q185449</marc:subfield>
            <marc:subfield code="1">https://www.wikidata.org/wiki/Q185449</marc:subfield>
        </marc:datafield>
        <marc:datafield ind1="1" ind2=" " tag="700">
            <!-- Bok nr.1 er en forkommer av denne her | denne boka går foran den du finner i 240-->
            <marc:subfield code="a">Paolini, Christopher</marc:subfield>
            <marc:subfield code="d">1983-</marc:subfield>
            <marc:subfield code="i">is preceded by work</marc:subfield>
            <marc:subfield code="4">http://rdaregistry.info/Elements/w/precededByWork.en</marc:subfield>
            <!-- http://rdaregistry.info/Elements/w/P10156 går foran -->
            <marc:subfield code="a">Eldest</marc:subfield>
            <marc:subfield code="0">Q308982</marc:subfield>
            <marc:subfield code="1">https://www.wikidata.org/wiki/Q308982</marc:subfield>
        </marc:datafield>
        <marc:datafield ind1="1" ind2=" " tag="700">
            <!-- Bok nr.1 er en forkommer av denne her | denne boka går foran den du finner i 240-->
            <marc:subfield code="a">Paolini, Christopher</marc:subfield>
            <marc:subfield code="d">1983-</marc:subfield>
            <marc:subfield code="i">is preceded by work</marc:subfield>
            <marc:subfield code="4">http://rdaregistry.info/Elements/w/precededByWork.en</marc:subfield>
            <!-- http://rdaregistry.info/Elements/w/P10156 går foran -->
            <marc:subfield code="a">Brisingr</marc:subfield>
            <marc:subfield code="0">Q718289</marc:subfield>
            <marc:subfield code="1">https://www.wikidata.org/wiki/Q718289</marc:subfield>
        </marc:datafield>
        <marc:datafield ind1="1" ind2=" " tag="700">
            <marc:subfield code="a">Grande, John</marc:subfield>
            <marc:subfield code="d">1977-</marc:subfield>
            <marc:subfield code="e">oversetter</marc:subfield>
            <marc:subfield code="4">trl</marc:subfield>
            <marc:subfield code="0">63238443</marc:subfield>
            <marc:subfield code="1">http://viaf.org/viaf/63238443</marc:subfield>
        </marc:datafield>
        <marc:datafield ind1="0" ind2=" " tag="776">
            <marc:subfield code="t">Arven, eller Sjelenes hvelv</marc:subfield>
            <marc:subfield code="w">991145738754702201</marc:subfield>
        </marc:datafield>
        <marc:datafield ind1="0" ind2="8" tag="773">
            <marc:subfield code="i">Inkludert i</marc:subfield>
            <marc:subfield code="a">Paolini, Christopher, 1983-</marc:subfield>
            <marc:subfield code="t">Arven</marc:subfield>
            <marc:subfield code="d">Oslo : Cappelen Damm, 2012-2013</marc:subfield>
            <marc:subfield code="g">4. bok</marc:subfield>
            <marc:subfield code="w">991412567704702201</marc:subfield>
        </marc:datafield>
        <marc:datafield ind1="1" ind2=" " tag="800">
            <!-- opprettet felt -->
            <marc:subfield code="a">Paolini, Christopher</marc:subfield>
            <marc:subfield code="d">1983-</marc:subfield>
            <marc:subfield code="t">Inheritance Cycle tetralogy</marc:subfield>
            <marc:subfield code="v">4.</marc:subfield>
            <marc:subfield code="l">Norsk</marc:subfield>
            <marc:subfield code="0">Q2699024</marc:subfield>
            <marc:subfield code="1">https://www.wikidata.org/wiki/Q2699024</marc:subfield>
        </marc:datafield>
        <marc:datafield ind1="4" ind2="2" tag="856">
            <marc:subfield code="3">Beskrivelse fra forlaget (kort)</marc:subfield>
            <marc:subfield code="u">http://content.bibsys.no/content/?type=descr_publ_brief&amp;isbn=9788202386818</marc:subfield>
        </marc:datafield>
        <marc:datafield ind1="0" ind2="1" tag="852">
            <marc:subfield code="a">47BIBSYS_NB</marc:subfield>
            <marc:subfield code="6">991412567964702202</marc:subfield>
            <marc:subfield code="9">D</marc:subfield>
        </marc:datafield>
        <marc:datafield ind1=" " ind2=" " tag="913">
            <marc:subfield code="a">Norbok</marc:subfield>
            <marc:subfield code="b">NB</marc:subfield>
        </marc:datafield>
    </marc:record>