
    <marc:record>
        <marc:leader>01461cam a2200397 c 4500</marc:leader>
        <marc:controlfield tag="001">991236885074702201</marc:controlfield>
        <marc:controlfield tag="005">20170126161951.0</marc:controlfield>
        <marc:controlfield tag="007">ta</marc:controlfield>
        <marc:controlfield tag="008">130621s2012    no#||||j||||||000|f|nob|</marc:controlfield>
        <marc:datafield ind1=" " ind2=" " tag="015">
            <marc:subfield code="a">1305209</marc:subfield>
            <marc:subfield code="2">nbf</marc:subfield>
        </marc:datafield>
        <marc:datafield ind1=" " ind2=" " tag="020">
            <marc:subfield code="a">9788202397081</marc:subfield>
            <marc:subfield code="q">h.</marc:subfield>
        </marc:datafield>
        <marc:datafield ind1=" " ind2=" " tag="020">
            <marc:subfield code="a">9788202391034</marc:subfield>
            <marc:subfield code="q">h.</marc:subfield>
        </marc:datafield>
        <marc:datafield ind1=" " ind2=" " tag="035">
            <marc:subfield code="a">123688507-47bibsys_network</marc:subfield>
        </marc:datafield>
        <marc:datafield ind1=" " ind2=" " tag="035">
            <marc:subfield code="a">(NO-TrBIB)123688507</marc:subfield>
        </marc:datafield>
        <marc:datafield ind1=" " ind2=" " tag="035">
            <marc:subfield code="a">(NO-OsBA)0293234</marc:subfield>
        </marc:datafield>
        <marc:datafield ind1=" " ind2=" " tag="040">
            <marc:subfield code="a">NO-OsNB</marc:subfield>
            <marc:subfield code="b">nob</marc:subfield>
            <marc:subfield code="e">katreg</marc:subfield>
        </marc:datafield>
        <marc:datafield ind1="1" ind2=" " tag="041">
            <marc:subfield code="h">eng</marc:subfield>
        </marc:datafield>
        <marc:datafield ind1=" " ind2=" " tag="042">
            <marc:subfield code="a">norbibl</marc:subfield>
        </marc:datafield>
        <marc:datafield ind1=" " ind2=" " tag="044">
            <marc:subfield code="c">no</marc:subfield>
        </marc:datafield>
        <marc:datafield ind1="1" ind2=" " tag="100">
            <marc:subfield code="a">Paolini, Christopher</marc:subfield>
            <marc:subfield code="d">1983-</marc:subfield>
            <marc:subfield code="e">forfatter</marc:subfield>
            <marc:subfield code="4">aut</marc:subfield>
            <marc:subfield code="0">49468743</marc:subfield>
            <marc:subfield code="1">http://viaf.org/viaf/49468743</marc:subfield>
        </marc:datafield>
        <marc:datafield ind1="1" ind2="0" tag="240">
            <!-- opprettet marc-felt -->
            <marc:subfield code="a">Eldest</marc:subfield>
            <!-- opprettet felt -->
            <marc:subfield code="l">Norsk</marc:subfield>
            <!-- opprettet felt -->
            <marc:subfield code="0">Q308982</marc:subfield>
            <marc:subfield code="1">https://www.wikidata.org/wiki/Q308982</marc:subfield>
        </marc:datafield>
        <marc:datafield ind1="1" ind2="4" tag="245">
            <marc:subfield code="a">Arven</marc:subfield>
            <marc:subfield code="c">oversatt av Kyrre Haugen Bakke</marc:subfield>
            <marc:subfield code="n">2. bok</marc:subfield>
            <marc:subfield code="p">Den eldste</marc:subfield>
        </marc:datafield>
        <marc:datafield ind1="1" ind2=" " tag="246">
            <marc:subfield code="a">Eldest</marc:subfield>
            <marc:subfield code="i">Originaltittel</marc:subfield>
        </marc:datafield>
        <marc:datafield ind1=" " ind2=" " tag="260">
            <marc:subfield code="a">[Oslo] :</marc:subfield>
            <marc:subfield code="b">Cappelen Damm,</marc:subfield>
            <marc:subfield code="c">2012</marc:subfield>
        </marc:datafield>
        <marc:datafield ind1=" " ind2=" " tag="300">
            <marc:subfield code="a">873 s.</marc:subfield>
        </marc:datafield>
        <marc:datafield ind1=" " ind2=" " tag="336">
            <!-- opprettet felt 336, vanlig bok -->
            <marc:subfield code="a">text</marc:subfield>
            <marc:subfield code="b">txt</marc:subfield>
            <marc:subfield code="0">http://rdaregistry.info/termList/RDAContentType/1020</marc:subfield>
            <marc:subfield code="2">rdacontent</marc:subfield>
        </marc:datafield>
        <marc:datafield ind1=" " ind2=" " tag="337">
            <!-- oprettet 337 felt, oftest vanlig bok -->
            <marc:subfield code="a">unmediated</marc:subfield>
            <marc:subfield code="0">http://rdaregistry.info/termList/RDAMediaType/1007</marc:subfield>
            <marc:subfield code="2">rdamedia</marc:subfield>
        </marc:datafield>
        <marc:datafield ind1=" " ind2=" " tag="338">
            <!-- opprettet felt 3xx, Bøker (ikke-e-bok)-->
            <marc:subfield code="a">volume</marc:subfield>
            <marc:subfield code="0">http://rdaregistry.info/termList/RDACarrierType/1049</marc:subfield>
            <marc:subfield code="2">rdacarrier</marc:subfield>
        </marc:datafield>
        <marc:datafield ind1=" " ind2=" " tag="380">
            <!-- opprettet felt 3xx, -->
            <marc:subfield code="a">romaner</marc:subfield>
            <marc:subfield code="2">humord</marc:subfield>
        </marc:datafield>
        <marc:datafield ind1=" " ind2=" " tag="500">
            <marc:subfield code="a">1. norske utg. Oslo : Damm, 2006</marc:subfield>
        </marc:datafield>
        <marc:datafield ind1="1" ind2=" " tag="700">
            <marc:subfield code="a">Bakke, Kyrre Haugen</marc:subfield>
            <marc:subfield code="d">1946-</marc:subfield>
            <marc:subfield code="e">oversetter</marc:subfield>
            <marc:subfield code="4">trl</marc:subfield>
            <marc:subfield code="0">172224601</marc:subfield>
            <marc:subfield code="1">http://viaf.org/viaf/172224601</marc:subfield>
        </marc:datafield>
        <marc:datafield ind1="0" ind2=" " tag="740">
            <marc:subfield code="a">Arven-serien</marc:subfield>
        </marc:datafield>
        <marc:datafield ind1="1" ind2=" " tag="700">
            <!-- Bok nr.1 er en forkommer av denne her | denne boka går foran den du finner i 240-->
            <marc:subfield code="a">Paolini, Christopher</marc:subfield>
            <marc:subfield code="d">1983-</marc:subfield>
            <marc:subfield code="i">is preceded by work</marc:subfield>
            <marc:subfield code="4">http://rdaregistry.info/Elements/w/precededByWork.en</marc:subfield>
            <!-- http://rdaregistry.info/Elements/w/P10156 går foran -->
            <marc:subfield code="t">Eragon</marc:subfield>
            <marc:subfield code="0">Q185449</marc:subfield>
            <marc:subfield code="1">https://www.wikidata.org/wiki/Q185449</marc:subfield>
        </marc:datafield>
        <marc:datafield ind1="1" ind2=" " tag="700">
            <!-- oprettet felt for alle etterfølgere av denne boka | Eragon, nr. 3 -->
            <marc:subfield code="a">Paolini, Christopher</marc:subfield>
            <marc:subfield code="d">1983-</marc:subfield>
            <marc:subfield code="i">is succeeded by work</marc:subfield>
            <marc:subfield code="4">http://rdaregistry.info/Elements/w/succeededByWork.en</marc:subfield>
            <!-- http://rdaregistry.info/Elements/w/P10170 -->
            <marc:subfield code="t">Brisingr</marc:subfield>
            <marc:subfield code="0">Q718289</marc:subfield>
            <marc:subfield code="1">https://www.wikidata.org/wiki/Q718289</marc:subfield>
        </marc:datafield>
        <marc:datafield ind1="1" ind2=" " tag="700">
            <!-- oprettet felt for alle etterfølgere av denne boka | Eragon, nr. 4 -->
            <marc:subfield code="a">Paolini, Christopher</marc:subfield>
            <marc:subfield code="d">1983-</marc:subfield>
            <marc:subfield code="i">is succeeded by work</marc:subfield>
            <marc:subfield code="4">http://rdaregistry.info/Elements/w/succeededByWork.en</marc:subfield>
            <!-- http://rdaregistry.info/Elements/w/P10170 -->
            <marc:subfield code="t">Inheritance</marc:subfield>
            <marc:subfield code="0">Q60672</marc:subfield>
            <marc:subfield code="1">https://www.wikidata.org/wiki/Q60672</marc:subfield>
        </marc:datafield>
        <marc:datafield ind1="0" ind2="8" tag="773">
            <marc:subfield code="i">Inkludert i</marc:subfield>
            <marc:subfield code="a">Paolini, Christopher, 1983-</marc:subfield>
            <marc:subfield code="t">Arven</marc:subfield>
            <marc:subfield code="d">[Oslo] : Cappelen Damm, 2012</marc:subfield>
            <marc:subfield code="g">2. bok</marc:subfield>
            <marc:subfield code="z">9788202391034</marc:subfield>
            <marc:subfield code="w">991215260464702201</marc:subfield>
        </marc:datafield>
        <marc:datafield ind1="1" ind2=" " tag="800">
            <!-- opprettet felt -->
            <marc:subfield code="a">Paolini, Christopher</marc:subfield>
            <marc:subfield code="d">1983-</marc:subfield>
            <marc:subfield code="t">Inheritance Cycle tetralogy</marc:subfield>
            <marc:subfield code="v">2.</marc:subfield>
            <marc:subfield code="l">Norsk</marc:subfield>
            <marc:subfield code="0">Q2699024</marc:subfield>
            <marc:subfield code="1">https://www.wikidata.org/wiki/Q2699024</marc:subfield>
        </marc:datafield>
        <marc:datafield ind1=" " ind2=" " tag="856">
            <marc:subfield code="3">Beskrivelse fra Forlagssentralen</marc:subfield>
            <marc:subfield code="u">http://content.bibsys.no/content/?type=descr_forlagssentr&amp;isbn=8202391032</marc:subfield>
        </marc:datafield>
        <marc:datafield ind1=" " ind2=" " tag="856">
            <marc:subfield code="3">Beskrivelse fra forlaget (kort)</marc:subfield>
            <marc:subfield code="u">http://content.bibsys.no/content/?type=descr_publ_brief&amp;isbn=8202391032</marc:subfield>
        </marc:datafield>
        <marc:datafield ind1="0" ind2="1" tag="852">
            <marc:subfield code="a">47BIBSYS_UBB</marc:subfield>
            <marc:subfield code="6">991236885074702207</marc:subfield>
            <marc:subfield code="9">P</marc:subfield>
        </marc:datafield>
        <marc:datafield ind1="0" ind2="1" tag="852">
            <marc:subfield code="a">47BIBSYS_NB</marc:subfield>
            <marc:subfield code="6">991236885074702202</marc:subfield>
            <marc:subfield code="9">P</marc:subfield>
        </marc:datafield>
        <marc:datafield ind1=" " ind2=" " tag="913">
            <marc:subfield code="a">Norbok</marc:subfield>
            <marc:subfield code="b">NB</marc:subfield>
        </marc:datafield>
    </marc:record>