
    <marc:record>
        <!-- funn008 opprinnelig post hadde manglende 100-felt, men hadde biinnførsel -->
        <marc:leader>01188nam a2200301Ia 4500</marc:leader>
        <marc:controlfield tag="001">999920244870502201</marc:controlfield>
        <marc:controlfield tag="006">m     o  d |</marc:controlfield>
        <marc:controlfield tag="007">cr cn|||||||||</marc:controlfield>
        <marc:controlfield tag="008">090422s2009    cau     s     000 1 eng d</marc:controlfield>
        <marc:datafield ind1=" " ind2=" " tag="020">
            <marc:subfield code="z">9781569757284</marc:subfield>
        </marc:datafield>
        <marc:datafield ind1=" " ind2=" " tag="020">
            <marc:subfield code="z">9781569757475</marc:subfield>
        </marc:datafield>
        <marc:datafield ind1=" " ind2=" " tag="035">
            <marc:subfield code="a">(MiAaPQ)EBC565607</marc:subfield>
        </marc:datafield>
        <marc:datafield ind1=" " ind2=" " tag="035">
            <marc:subfield code="a">(Au-PeEL)EBL565607</marc:subfield>
        </marc:datafield>
        <marc:datafield ind1=" " ind2=" " tag="035">
            <marc:subfield code="a">(CaPaEBR)ebr10342196</marc:subfield>
        </marc:datafield>
        <marc:datafield ind1=" " ind2=" " tag="035">
            <marc:subfield code="a">(OCoLC)646843889</marc:subfield>
        </marc:datafield>
        <marc:datafield ind1=" " ind2=" " tag="035">
            <marc:subfield code="a">(MiAaPQ)EBC565607</marc:subfield>
        </marc:datafield>
        <marc:datafield ind1=" " ind2=" " tag="040">
            <marc:subfield code="a">MiAaPQ</marc:subfield>
            <marc:subfield code="c">MiAaPQ</marc:subfield>
            <marc:subfield code="d">MiAaPQ</marc:subfield>
        </marc:datafield>
        <marc:datafield ind1=" " ind2="4" tag="050">
            <marc:subfield code="a">PS3616.A55</marc:subfield>
            <marc:subfield code="b">W43 2009</marc:subfield>
        </marc:datafield>
        <marc:datafield ind1="1" ind2=" " tag="100">
            <!-- opprettet felt / var opprinnelig i 700-feltet (!) -->
            <marc:subfield code="a">Marcus, Richard</marc:subfield>
            <marc:subfield code="e">forfatter</marc:subfield>
            <marc:subfield code="4">aut</marc:subfield>
            <marc:subfield code="0">9228527</marc:subfield>
            <!-- vanskelig å finne denne personen, enten en Roulette/Poker-forfatter, eller Fantasy-fyr -->
            <marc:subfield code="1">http://viaf.org/viaf/9228527</marc:subfield>
            <!-- mulig dette er feil VIAF, denne ble opplyst av WorldCat;
																							http://www.worldcat.org/oclc/646843889			-->
        </marc:datafield>
        <marc:datafield ind1="1" ind2="0" tag="240">
            <!-- opprettet marc-felt -->
            <marc:subfield code="a">What will happen in Eragon IV</marc:subfield>
            <!-- opprettet felt -->
            <marc:subfield code="l">Engelsk</marc:subfield>
            <!-- opprettet felt -->
            <marc:subfield code="h">http://schema.org/EBook</marc:subfield>
            <marc:subfield code="0">646843889</marc:subfield>
            <marc:subfield code="1">http://www.worldcat.org/oclc/646843889</marc:subfield>
        </marc:datafield>
        <marc:datafield ind1="0" ind2="0" tag="245">
            <marc:subfield code="a">What will happen in Eragon IV</marc:subfield>
            <marc:subfield code="h">[electronic resource] :</marc:subfield>
            <marc:subfield code="b">who lives, who dies, who becomes the third dragon rider and how will the inheritance cycle finally end? /</marc:subfield>
            <marc:subfield code="c">Richard Marcus.</marc:subfield>
        </marc:datafield>
        <marc:datafield ind1=" " ind2=" " tag="260">
            <marc:subfield code="a">Berkeley, CA :</marc:subfield>
            <marc:subfield code="b">Ulysses Press,</marc:subfield>
            <marc:subfield code="c">c2009.</marc:subfield>
        </marc:datafield>
        <marc:datafield ind1=" " ind2=" " tag="300">
            <marc:subfield code="a">215 s.</marc:subfield>
        </marc:datafield>
        <marc:datafield ind1=" " ind2=" " tag="336">
            <!-- opprettet felt 336, vanlig bok -->
            <marc:subfield code="a">text</marc:subfield>
            <marc:subfield code="b">txt</marc:subfield>
            <marc:subfield code="0">http://rdaregistry.info/termList/RDAContentType/1020</marc:subfield>
            <marc:subfield code="2">rdacontent</marc:subfield>
        </marc:datafield>
        <marc:datafield ind1=" " ind2=" " tag="337">
            <!-- opprettet felt 3xx, maskinfil -->
            <marc:subfield code="a">computer</marc:subfield>
            <marc:subfield code="0">http://rdaregistry.info/termList/RDAMediaType/1003</marc:subfield>
            <marc:subfield code="2">rdamedia</marc:subfield>
        </marc:datafield>
        <marc:datafield ind1=" " ind2=" " tag="338">
            <!-- opprettet felt 338, lydfil/app -->
            <marc:subfield code="a">online resource</marc:subfield>
            <marc:subfield code="0">http://rdaregistry.info/termList/RDACarrierType/1018</marc:subfield>
            <marc:subfield code="2">rdacarrier</marc:subfield>
        </marc:datafield>
        <marc:datafield ind1=" " ind2=" " tag="380">
            <!-- opprettet felt -->
            <marc:subfield code="a">e-bøker</marc:subfield>
            <marc:subfield code="2">humord</marc:subfield>
        </marc:datafield>
        <marc:datafield ind1=" " ind2=" " tag="380">
            <!-- opprettet felt -->
            <marc:subfield code="a">fiksjonsprosa</marc:subfield>
            <marc:subfield code="2">humord</marc:subfield>
        </marc:datafield>
        <marc:datafield ind1=" " ind2=" " tag="533">
            <marc:subfield code="a">Electronic reproduction. Ann Arbor, MI : ProQuest, 2015. Available via World Wide Web. Access may be limited to ProQuest affiliated libraries.</marc:subfield>
        </marc:datafield>
        <marc:datafield ind1=" " ind2="7" tag="650">
            <marc:subfield code="a">Draker (Fabeldyr)</marc:subfield>
            <marc:subfield code="v">Ungdomslitteratur.</marc:subfield>
            <marc:subfield code="2">humord</marc:subfield>
        </marc:datafield>
        <marc:datafield ind1=" " ind2="4" tag="650">
            <marc:subfield code="a">Fantasy</marc:subfield>
        </marc:datafield>
        <marc:datafield ind1=" " ind2="4" tag="655">
            <marc:subfield code="a">Elektroniske bøker.</marc:subfield>
        </marc:datafield>
        <marc:datafield ind1="2" ind2=" " tag="710">
            <marc:subfield code="a">ProQuest (Firma)</marc:subfield>
        </marc:datafield>
        <marc:datafield ind1="4" ind2="0" tag="856">
            <marc:subfield code="u">http://ebookcentral.proquest.com/lib/ntnu/detail.action?docID=565607</marc:subfield>
            <marc:subfield code="z">Click to View</marc:subfield>
        </marc:datafield>
    </marc:record>