
    <marc:record>
        <!-- eksempe001 -->
        <marc:leader>01501ccm a2200421 c 4500</marc:leader>
        <marc:controlfield tag="001">991123466424702201</marc:controlfield>
        <marc:controlfield tag="005">20160812104159.0</marc:controlfield>
        <marc:controlfield tag="007">qu</marc:controlfield>
        <marc:controlfield tag="008">140911s2016    no |||||||||||||||||und|</marc:controlfield>
        <marc:datafield ind1=" " ind2=" " tag="015">
            <marc:subfield code="a">1116290</marc:subfield>
            <marc:subfield code="2">nbf</marc:subfield>
        </marc:datafield>
        <marc:datafield ind1=" " ind2=" " tag="035">
            <marc:subfield code="a">112346642-47bibsys_network</marc:subfield>
        </marc:datafield>
        <marc:datafield ind1=" " ind2=" " tag="035">
            <marc:subfield code="a">(NO-TrBIB)112346642</marc:subfield>
        </marc:datafield>
        <marc:datafield ind1=" " ind2=" " tag="035">
            <!-- egenopprettet felt -->
            <marc:subfield code="a">NO-OsNB (991123466424702202)</marc:subfield>
        </marc:datafield>
        <marc:datafield ind1=" " ind2=" " tag="040">
            <marc:subfield code="a">NO-OsNB</marc:subfield>
            <marc:subfield code="b">nob</marc:subfield>
            <marc:subfield code="e">katreg</marc:subfield>
        </marc:datafield>
        <marc:datafield ind1=" " ind2=" " tag="042">
            <marc:subfield code="a">norbibl</marc:subfield>
        </marc:datafield>
        <marc:datafield ind1=" " ind2=" " tag="044">
            <marc:subfield code="c">no</marc:subfield>
        </marc:datafield>
        <marc:datafield ind1="1" ind2=" " tag="100">
            <marc:subfield code="a">Romberg, Martin</marc:subfield>
            <marc:subfield code="d">1978-</marc:subfield>
            <marc:subfield code="e">komponist</marc:subfield>
            <marc:subfield code="4">cmp</marc:subfield>
            <marc:subfield code="0">154127686</marc:subfield>
            <marc:subfield code="1">http://viaf.org/viaf/154127686</marc:subfield>
        </marc:datafield>
        <marc:datafield ind1="1" ind2="0" tag="240">
            <!-- opprettet marc-felt -->
            <marc:subfield code="a">Eldarinwë líri</marc:subfield>
            <!-- opprettet felt -->
            <marc:subfield code="p">song cycle after J.R.R. Tolkien's elven poetry</marc:subfield>
            <marc:subfield code="l">Engelsk, Noter</marc:subfield>
            <marc:subfield code="m">Harpe, Jentekor, Sopran</marc:subfield>
            <marc:subfield code="0">991123466424702202</marc:subfield>
            <marc:subfield code="1">https://www.nb.no/nbsok/nb/f8ade88c96090fe9cfa143e2c4536f6c?lang=no</marc:subfield>
        </marc:datafield>
        <marc:datafield ind1="1" ind2="0" tag="245">
            <marc:subfield code="a">Eldarinwë líri :</marc:subfield>
            <marc:subfield code="b">song cycle after J.R.R. Tolkien's elven poetry : for three sopranos, girls' choir and two harps = Elven songs</marc:subfield>
            <marc:subfield code="c">Martin Romberg</marc:subfield>
            <marc:subfield code="h">[musikktrykk]</marc:subfield>
        </marc:datafield>
        <marc:datafield ind1="3" ind2="1" tag="246">
            <marc:subfield code="a">Elven songs</marc:subfield>
        </marc:datafield>
        <marc:datafield ind1=" " ind2=" " tag="254">
            <marc:subfield code="a">Full score</marc:subfield>
        </marc:datafield>
        <marc:datafield ind1=" " ind2=" " tag="260">
            <marc:subfield code="a">[Oslo] :</marc:subfield>
            <marc:subfield code="b">NBnoter,</marc:subfield>
            <marc:subfield code="c">[2016]</marc:subfield>
        </marc:datafield>
        <marc:datafield ind1=" " ind2=" " tag="300">
            <marc:subfield code="a">1 partitur (33 s.) :</marc:subfield>
            <marc:subfield code="c">30 cm</marc:subfield>
        </marc:datafield>
        <marc:datafield ind1=" " ind2=" " tag="336">
            <!-- opprettet felt 336, vanlig bok -->
            <marc:subfield code="a">text</marc:subfield>
            <marc:subfield code="b">txt</marc:subfield>
            <marc:subfield code="0">http://rdaregistry.info/termList/RDAContentType/1020</marc:subfield>
            <marc:subfield code="2">rdacontent</marc:subfield>
        </marc:datafield>
        <marc:datafield ind1=" " ind2=" " tag="336">
            <!-- opprettet felt 336, notert musikk(noter) -->
            <marc:subfield code="a">notated music</marc:subfield>
            <marc:subfield code="b">ntm</marc:subfield>
            <marc:subfield code="0">http://rdaregistry.info/termList/RDAContentType/1010</marc:subfield>
            <marc:subfield code="2">rdacontent</marc:subfield>
        </marc:datafield>
        <marc:datafield ind1=" " ind2=" " tag="337">
            <!-- vet ikke om denne burde være computer-file, siden posten er såppas grunn -->
            <marc:subfield code="a">unmediated</marc:subfield>
            <marc:subfield code="0">http://rdaregistry.info/termList/RDAMediaType/1007</marc:subfield>
            <marc:subfield code="2">rdamedia</marc:subfield>
        </marc:datafield>
        <marc:datafield ind1=" " ind2=" " tag="338">
            <!-- opprettet felt 3xx, Bøker (ikke-e-bok)-->
            <marc:subfield code="a">volume</marc:subfield>
            <marc:subfield code="0">http://rdaregistry.info/termList/RDACarrierType/1049</marc:subfield>
            <marc:subfield code="2">rdacarrier</marc:subfield>
        </marc:datafield>
        <marc:datafield ind1=" " ind2=" " tag="380">
            <!-- opprettet felt -->
            <marc:subfield code="a">musikknotasjon</marc:subfield>
            <marc:subfield code="2">humord</marc:subfield>
        </marc:datafield>
        <marc:datafield ind1=" " ind2="1" tag="382">
            <marc:subfield code="a">Harpe</marc:subfield>
            <marc:subfield code="n">2</marc:subfield>
            <marc:subfield code="a">Jentekor</marc:subfield>
            <marc:subfield code="a">Sopran</marc:subfield>
            <marc:subfield code="n">3</marc:subfield>
            <marc:subfield code="2">emnmus</marc:subfield>
        </marc:datafield>
        <marc:datafield ind1=" " ind2=" " tag="500">
            <marc:subfield code="a">Konstruert språk</marc:subfield>
        </marc:datafield>
        <marc:datafield ind1=" " ind2=" " tag="500">
            <marc:subfield code="a">Varighet: ca 21 min</marc:subfield>
        </marc:datafield>
        <marc:datafield ind1=" " ind2=" " tag="500">
            <marc:subfield code="a">Datert: 2009-2010; revidert 2016</marc:subfield>
        </marc:datafield>
        <marc:datafield ind1=" " ind2=" " tag="500">
            <marc:subfield code="a">Datakopi</marc:subfield>
        </marc:datafield>
        <marc:datafield ind1="0" ind2=" " tag="505">
            <marc:subfield code="a">A Elbereth Gilthoniel (Sindarin) ; Oilima Markirya (Quenya) ; Nieninque (early Quenya) ; Fíriel's song (Quenya) ; Namárië (Quenya)</marc:subfield>
        </marc:datafield>
        <marc:datafield ind1="1" ind2=" " tag="700">
            <marc:subfield code="a">Tolkien, J.R.R.</marc:subfield>
            <marc:subfield code="q">(John Ronald Reuel)</marc:subfield>
            <marc:subfield code="d">1892-1973</marc:subfield>
            <marc:subfield code="e">forfatter</marc:subfield>
            <marc:subfield code="4">aut</marc:subfield>
            <marc:subfield code="0">95218067</marc:subfield>
            <marc:subfield code="1">http://viaf.org/viaf/95218067</marc:subfield>
        </marc:datafield>
        <marc:datafield ind1="0" ind2=" " tag="740">
            <marc:subfield code="a">A Elbereth Gilthoniel (Sindarin)</marc:subfield>
        </marc:datafield>
        <marc:datafield ind1="0" ind2=" " tag="740">
            <marc:subfield code="a">Oilima Markirya (Quenya)</marc:subfield>
        </marc:datafield>
        <marc:datafield ind1="0" ind2=" " tag="740">
            <marc:subfield code="a">Nieninque (early Quenya)</marc:subfield>
        </marc:datafield>
        <marc:datafield ind1="0" ind2=" " tag="740">
            <marc:subfield code="a">Fíriel's song (Quenya)</marc:subfield>
        </marc:datafield>
        <marc:datafield ind1="0" ind2=" " tag="740">
            <marc:subfield code="a">Namárië (Quenya)</marc:subfield>
        </marc:datafield>
        <marc:datafield ind1=" " ind2=" " tag="913">
            <marc:subfield code="a">Musikk</marc:subfield>
            <marc:subfield code="b">NB</marc:subfield>
        </marc:datafield>
        <marc:datafield ind1=" " ind2=" " tag="913">
            <marc:subfield code="a">Nornoter</marc:subfield>
            <marc:subfield code="b">NB</marc:subfield>
        </marc:datafield>
    </marc:record>