
    <marc:record>
        <!-- funn000 -->
        <marc:leader>00901cam a22002657c 4500</marc:leader>
        <marc:controlfield tag="001">991343422914702201</marc:controlfield>
        <marc:controlfield tag="005">20160114224804.0</marc:controlfield>
        <marc:controlfield tag="007">ta</marc:controlfield>
        <marc:controlfield tag="008">131215s1976    xx#|||||||||||000|u|nob|d</marc:controlfield>
        <marc:datafield ind1=" " ind2=" " tag="035">
            <marc:subfield code="a">134342291-47bibsys_network</marc:subfield>
        </marc:datafield>
        <marc:datafield ind1=" " ind2=" " tag="035">
            <marc:subfield code="a">(NO-TrBIB)134342291</marc:subfield>
        </marc:datafield>
        <marc:datafield ind1=" " ind2=" " tag="040">
            <marc:subfield code="a">NO-TrBIB</marc:subfield>
            <marc:subfield code="b">nob</marc:subfield>
            <marc:subfield code="e">katreg</marc:subfield>
        </marc:datafield>
        <marc:datafield ind1="1" ind2=" " tag="100">
            <!-- ukjent VIAF unknown -->
            <marc:subfield code="a">Sletten, Hanne</marc:subfield>
            <marc:subfield code="4">aut</marc:subfield>
            <marc:subfield code="4">ill</marc:subfield>
            <marc:subfield code="4">bjd</marc:subfield>
            <marc:subfield code="e">forfatter</marc:subfield>
            <marc:subfield code="e">illustratør</marc:subfield>
            <marc:subfield code="e">omslagsdesigner</marc:subfield>
        </marc:datafield>
        <marc:datafield ind1="1" ind2="0" tag="240">
            <!-- opprettet marc-felt -->
            <marc:subfield code="a">Extracts from The Lord of the rings</marc:subfield>
            <marc:subfield code="l">Engelsk</marc:subfield>
            <marc:subfield code="0">BIBSYS_ILS71463600550002201</marc:subfield>
            <marc:subfield code="1">https://tinyurl.com/SlettenHanne</marc:subfield>
            <!-- oprettet egen redirected permalenke -->
        </marc:datafield>
        <marc:datafield ind1="1" ind2="0" tag="245">
            <marc:subfield code="a">Extracts from The Lord of the rings /</marc:subfield>
            <marc:subfield code="c">by J.R.R. Tolkien
			; illustrasjon og bokdesign ved Hanne Sletten
			; Statens håndverks- og kunstindustriskole, Illustrasjons- og bokkunstlinjen.</marc:subfield>
        </marc:datafield>
        <marc:datafield ind1=" " ind2=" " tag="260">
            <marc:subfield code="a">Oslo :</marc:subfield>
            <marc:subfield code="b">SHKS,</marc:subfield>
            <marc:subfield code="c">1976</marc:subfield>
        </marc:datafield>
        <marc:datafield ind1=" " ind2=" " tag="300">
            <marc:subfield code="a">14 bl. :</marc:subfield>
            <marc:subfield code="b">kol. ill. ;</marc:subfield>
            <marc:subfield code="c">24 cm</marc:subfield>
        </marc:datafield>
        <marc:datafield ind1=" " ind2=" " tag="336">
            <!-- opprettet felt 336, vanlig bok -->
            <marc:subfield code="a">text</marc:subfield>
            <marc:subfield code="b">txt</marc:subfield>
            <marc:subfield code="0">http://rdaregistry.info/termList/RDAContentType/1020</marc:subfield>
            <marc:subfield code="2">rdacontent</marc:subfield>
        </marc:datafield>
        <marc:datafield ind1=" " ind2=" " tag="336">
            <!-- opprettet felt 336, del av bildebok -->
            <marc:subfield code="a">still image</marc:subfield>
            <marc:subfield code="b">sti</marc:subfield>
            <marc:subfield code="0">http://rdaregistry.info/termList/RDAContentType/1014</marc:subfield>
            <marc:subfield code="2">rdacontent</marc:subfield>
        </marc:datafield>
        <marc:datafield ind1=" " ind2=" " tag="337">
            <!-- oprettet 337 felt, oftest vanlig bok -->
            <marc:subfield code="a">unmediated</marc:subfield>
            <marc:subfield code="0">http://rdaregistry.info/termList/RDAMediaType/1007</marc:subfield>
            <marc:subfield code="2">rdamedia</marc:subfield>
        </marc:datafield>
        <marc:datafield ind1=" " ind2=" " tag="338">
            <!-- opprettet felt 3xx, Bøker (ikke-e-bok)-->
            <marc:subfield code="a">volume</marc:subfield>
            <marc:subfield code="0">http://rdaregistry.info/termList/RDACarrierType/1049</marc:subfield>
            <marc:subfield code="2">rdacarrier</marc:subfield>
        </marc:datafield>
        <marc:datafield ind1=" " ind2=" " tag="380">
            <!-- opprettet felt 3xx, -->
            <marc:subfield code="a">estetiske fag</marc:subfield>
            <marc:subfield code="2">humord</marc:subfield>
        </marc:datafield>
        <marc:datafield ind1=" " ind2=" " tag="380">
            <!-- opprettet felt 3xx, -->
            <marc:subfield code="a">kunstfag</marc:subfield>
            <marc:subfield code="2">humord</marc:subfield>
        </marc:datafield>
        <marc:datafield ind1="1" ind2=" " tag="490">
            <marc:subfield code="a">Elevarbeid</marc:subfield>
            <marc:subfield code="v">1976</marc:subfield>
        </marc:datafield>
        <marc:datafield ind1="1" ind2=" " tag="700">
            <marc:subfield code="a">Tolkien, J.R.R.</marc:subfield>
            <marc:subfield code="q">(John Ronald Reuel)</marc:subfield>
            <marc:subfield code="d">1892-1973</marc:subfield>
            <marc:subfield code="0">95218067</marc:subfield>
            <marc:subfield code="1">http://viaf.org/viaf/95218067</marc:subfield>
            <marc:subfield code="4">ccp</marc:subfield>
            <marc:subfield code="e">idéskaper</marc:subfield>
        </marc:datafield>
        <marc:datafield ind1="2" ind2=" " tag="710">
            <marc:subfield code="a">Statens håndverks- og kunstindustriskole</marc:subfield>
            <marc:subfield code="b">Illustrasjons- og bokkunstlinjen</marc:subfield>
        </marc:datafield>
        <marc:datafield ind1=" " ind2="0" tag="830">
            <marc:subfield code="a">Elevarbeid</marc:subfield>
            <marc:subfield code="v">1976</marc:subfield>
        </marc:datafield>
        <marc:datafield ind1="0" ind2="1" tag="852">
            <marc:subfield code="a">47BIBSYS_KHIO</marc:subfield>
            <marc:subfield code="6">991343422914702243</marc:subfield>
            <marc:subfield code="9">P</marc:subfield>
        </marc:datafield>
    </marc:record>