
    <marc:record>
        <marc:leader>02149cam a2200505 c 4500</marc:leader>
        <marc:controlfield tag="001">990940613434702201</marc:controlfield>
        <marc:controlfield tag="005">20170124093519.0</marc:controlfield>
        <marc:controlfield tag="007">ta</marc:controlfield>
        <marc:controlfield tag="008">150330s1984    xx#|||||||||||000|u|eng|d</marc:controlfield>
        <marc:datafield ind1=" " ind2=" " tag="020">
            <marc:subfield code="a">038086553X</marc:subfield>
            <marc:subfield code="q">h.</marc:subfield>
        </marc:datafield>
        <marc:datafield ind1=" " ind2=" " tag="035">
            <marc:subfield code="a">094061343-47bibsys_network</marc:subfield>
        </marc:datafield>
        <marc:datafield ind1=" " ind2=" " tag="035">
            <marc:subfield code="a">(NO-TrBIB)094061343</marc:subfield>
        </marc:datafield>
        <marc:datafield ind1=" " ind2=" " tag="040">
            <marc:subfield code="a">NO-TrBIB</marc:subfield>
            <marc:subfield code="b">nob</marc:subfield>
            <marc:subfield code="e">katreg</marc:subfield>
        </marc:datafield>
        <marc:datafield ind1="1" ind2=" " tag="100">
            <!-- flyttet fra opprinnelig biinnførsel fra 700-feltet -->
            <marc:subfield code="a">Boyer, Robert H.</marc:subfield>
            <!-- <marc:subfield code="q">()</marc:subfield> Ukjent ! -->
            <marc:subfield code="d">1937-</marc:subfield>
            <marc:subfield code="e">redaktør</marc:subfield>
            <marc:subfield code="4">edt</marc:subfield>
            <marc:subfield code="0">40646947</marc:subfield>
            <marc:subfield code="1">http://viaf.org/viaf/40646947</marc:subfield>
        </marc:datafield>
        <marc:datafield ind1="1" ind2="0" tag="240">
            <!-- opprettet felt -->
            <marc:subfield code="a">Fantasists on Fantasy</marc:subfield>
            <marc:subfield code="l">Engelsk</marc:subfield>
            <marc:subfield code="p">A collection of Critical Reflections by Eighteen Masters of the Art</marc:subfield>
            <marc:subfield code="0">463934</marc:subfield>
            <marc:subfield code="1">https://www.librarything.com/work/463934</marc:subfield>
        </marc:datafield>
        <marc:datafield ind1="0" ind2="0" tag="245">
            <marc:subfield code="a">Fantasists on fantasy ;</marc:subfield>
            <marc:subfield code="b">a collection of critical reflections /</marc:subfield>
            <marc:subfield code="c">edited by Robert H. Boyer and Kenneth J. Zahorski.</marc:subfield>
            <!-- http://www.worldcat.org/oclc/10489346 	for info om boka -->
        </marc:datafield>
        <marc:datafield ind1=" " ind2=" " tag="260">
            <marc:subfield code="a">New York :</marc:subfield>
            <marc:subfield code="b">Avon Books,</marc:subfield>
            <marc:subfield code="c">1984</marc:subfield>
        </marc:datafield>
        <marc:datafield ind1=" " ind2=" " tag="300">
            <marc:subfield code="a">287 s.</marc:subfield>
        </marc:datafield>
        <marc:datafield ind1=" " ind2=" " tag="336">
            <!-- opprettet felt 336, vanlig bok -->
            <marc:subfield code="a">text</marc:subfield>
            <marc:subfield code="b">txt</marc:subfield>
            <marc:subfield code="0">http://rdaregistry.info/termList/RDAContentType/1020</marc:subfield>
            <marc:subfield code="2">rdacontent</marc:subfield>
        </marc:datafield>
        <marc:datafield ind1=" " ind2=" " tag="337">
            <!-- oprettet 337 felt, oftest vanlig bok -->
            <marc:subfield code="a">unmediated</marc:subfield>
            <marc:subfield code="0">http://rdaregistry.info/termList/RDAMediaType/1007</marc:subfield>
            <marc:subfield code="2">rdamedia</marc:subfield>
        </marc:datafield>
        <marc:datafield ind1=" " ind2=" " tag="338">
            <!-- opprettet felt 3xx, Bøker (ikke-e-bok)| informasjon hentet fra https://trove.nla.gov.au/work/17766279?q&versionId=20840585  -->
            <marc:subfield code="a">volume</marc:subfield>
            <marc:subfield code="0">http://rdaregistry.info/termList/RDACarrierType/1049</marc:subfield>
            <marc:subfield code="2">rdacarrier</marc:subfield>
        </marc:datafield>
        <marc:datafield ind1=" " ind2=" " tag="380">
            <!-- opprettet felt 3xx, -->
            <marc:subfield code="a">fantastisk litteratur</marc:subfield>
            <marc:subfield code="2">humord</marc:subfield>
        </marc:datafield>
        <marc:datafield ind1="1" ind2="7" tag="600">
            <marc:subfield code="a">Tolkien, J.R.R.</marc:subfield>
            <marc:subfield code="q">(John Ronald Reuel)</marc:subfield>
            <marc:subfield code="d">1892-1973</marc:subfield>
            <marc:subfield code="e">forfatter</marc:subfield>
            <marc:subfield code="4">aut</marc:subfield>
            <marc:subfield code="0">95218067</marc:subfield>
            <marc:subfield code="1">http://viaf.org/viaf/95218067</marc:subfield>
            <marc:subfield code="2">viaf</marc:subfield>
        </marc:datafield>
        <marc:datafield ind1="1" ind2="7" tag="600">
            <marc:subfield code="a">Baum, L. Frank</marc:subfield>
            <marc:subfield code="q">(Lyman)</marc:subfield>
            <marc:subfield code="d">1856-1919</marc:subfield>
            <marc:subfield code="0">4926394</marc:subfield>
            <marc:subfield code="1">http://viaf.org/viaf/4926394</marc:subfield>
            <marc:subfield code="2">viaf</marc:subfield>
        </marc:datafield>
        <marc:datafield ind1="1" ind2="7" tag="600">
            <marc:subfield code="a">Le Guin, Ursula K.</marc:subfield>
            <marc:subfield code="d">1929-2018</marc:subfield>
            <marc:subfield code="q">(Kroeber)</marc:subfield>
            <marc:subfield code="e">forfatter</marc:subfield>
            <marc:subfield code="4">aut</marc:subfield>
            <marc:subfield code="0">101734435</marc:subfield>
            <marc:subfield code="1">http://viaf.org/viaf/101734435</marc:subfield>
            <marc:subfield code="2">viaf</marc:subfield>
        </marc:datafield>
        <marc:datafield ind1=" " ind2="4" tag="650">
            <marc:subfield code="a">Fantasy</marc:subfield>
        </marc:datafield>
        <marc:datafield ind1=" " ind2="7" tag="650">
            <marc:subfield code="a">Eventyr</marc:subfield>
            <marc:subfield code="2">nbiemnfag</marc:subfield>
        </marc:datafield>
        <marc:datafield ind1="1" ind2=" " tag="700">
            <marc:subfield code="a">Zahorski, Kenneth J..</marc:subfield>
            <marc:subfield code="q">(James)</marc:subfield>
            <marc:subfield code="d">1939-</marc:subfield>
            <marc:subfield code="e">redaktør</marc:subfield>
            <marc:subfield code="4">edt</marc:subfield>
            <marc:subfield code="0">57886851</marc:subfield>
            <marc:subfield code="1">http://viaf.org/viaf/57886851</marc:subfield>
        </marc:datafield>
        <marc:datafield ind1="1" ind2="2" tag="700">
            <marc:subfield code="a">Alexander, Lloyd</marc:subfield>
            <marc:subfield code="d">1924-2007</marc:subfield>
            <marc:subfield code="e">forfatter</marc:subfield>
            <marc:subfield code="4">aut</marc:subfield>
            <marc:subfield code="0">56807852</marc:subfield>
            <marc:subfield code="1">http://viaf.org/viaf/56807852</marc:subfield>
        </marc:datafield>
        <marc:datafield ind1="1" ind2="2" tag="700">
            <marc:subfield code="a">Beagle, Peter S.</marc:subfield>
            <marc:subfield code="q">(Soyer)</marc:subfield>
            <marc:subfield code="d">1939-</marc:subfield>
            <marc:subfield code="e">forfatter</marc:subfield>
            <marc:subfield code="4">aut</marc:subfield>
            <marc:subfield code="0">110010491</marc:subfield>
            <marc:subfield code="1">http://viaf.org/viaf/110010491</marc:subfield>
        </marc:datafield>
        <marc:datafield ind1="1" ind2="2" tag="700">
            <marc:subfield code="a">Cooper, Susan</marc:subfield>
            <marc:subfield code="d">1935-</marc:subfield>
            <marc:subfield code="e">forfatter</marc:subfield>
            <marc:subfield code="4">aut</marc:subfield>
            <marc:subfield code="0">49344224</marc:subfield>
            <marc:subfield code="1">http://viaf.org/viaf/49344224</marc:subfield>
        </marc:datafield>
        <marc:datafield ind1="1" ind2="2" tag="700">
            <marc:subfield code="a">Derleth, August</marc:subfield>
            <marc:subfield code="d">1909-1971</marc:subfield>
            <marc:subfield code="e">forfatter</marc:subfield>
            <marc:subfield code="4">aut</marc:subfield>
            <marc:subfield code="0">12307238</marc:subfield>
            <marc:subfield code="1">http://viaf.org/viaf/12307238</marc:subfield>
        </marc:datafield>
        <marc:datafield ind1="1" ind2="2" tag="700">
            <marc:subfield code="a">Hunter, Mollie</marc:subfield>
            <marc:subfield code="d">1922-2012</marc:subfield>
            <marc:subfield code="e">forfatter</marc:subfield>
            <marc:subfield code="4">aut</marc:subfield>
            <marc:subfield code="0">108983174</marc:subfield>
            <marc:subfield code="1">http://viaf.org/viaf/108983174</marc:subfield>
        </marc:datafield>
        <marc:datafield ind1="1" ind2="2" tag="700">
            <marc:subfield code="a">Chesterton, G.K.</marc:subfield>
            <marc:subfield code="q">(Gilbert Keith)</marc:subfield>
            <marc:subfield code="d">1874-1936</marc:subfield>
            <marc:subfield code="e">forfatter</marc:subfield>
            <marc:subfield code="4">aut</marc:subfield>
            <marc:subfield code="0">14767719</marc:subfield>
            <marc:subfield code="1">http://viaf.org/viaf/14767719</marc:subfield>
        </marc:datafield>
        <marc:datafield ind1="1" ind2="2" tag="700">
            <marc:subfield code="a">Le Guin, Ursula K.</marc:subfield>
            <marc:subfield code="d">1929-2018</marc:subfield>
            <marc:subfield code="q">(Kroeber)</marc:subfield>
            <marc:subfield code="e">forfatter</marc:subfield>
            <marc:subfield code="4">aut</marc:subfield>
            <marc:subfield code="0">101734435</marc:subfield>
            <marc:subfield code="1">http://viaf.org/viaf/101734435</marc:subfield>
        </marc:datafield>
        <marc:datafield ind1="1" ind2="2" tag="700">
            <marc:subfield code="a">Lewis, C.S.</marc:subfield>
            <marc:subfield code="d">1898-1963</marc:subfield>
            <marc:subfield code="q">(Clive Staples)</marc:subfield>
            <marc:subfield code="e">forfatter</marc:subfield>
            <marc:subfield code="4">aut</marc:subfield>
            <marc:subfield code="0">22144877</marc:subfield>
            <marc:subfield code="1">http://viaf.org/viaf/22144877</marc:subfield>
        </marc:datafield>
        <marc:datafield ind1="1" ind2="2" tag="700">
            <marc:subfield code="a">Langton, Jane</marc:subfield>
            <marc:subfield code="d">1922-2018</marc:subfield>
            <marc:subfield code="e">forfatter</marc:subfield>
            <marc:subfield code="4">aut</marc:subfield>
            <marc:subfield code="0">111096798</marc:subfield>
            <marc:subfield code="1">http://viaf.org/viaf/111096798</marc:subfield>
        </marc:datafield>
        <marc:datafield ind1="1" ind2="2" tag="700">
            <marc:subfield code="a">Marti-Ibañez, Felix</marc:subfield>
            <marc:subfield code="d">1915-1972</marc:subfield>
            <marc:subfield code="e">forfatter</marc:subfield>
            <marc:subfield code="4">aut</marc:subfield>
            <marc:subfield code="0">67710701</marc:subfield>
            <marc:subfield code="1">http://viaf.org/viaf/67710701</marc:subfield>
        </marc:datafield>
        <marc:datafield ind1="1" ind2="2" tag="700">
            <marc:subfield code="a">Moorcock, Michael</marc:subfield>
            <marc:subfield code="d">1939-</marc:subfield>
            <marc:subfield code="e">forfatter</marc:subfield>
            <marc:subfield code="4">aut</marc:subfield>
            <marc:subfield code="0">109785773</marc:subfield>
            <marc:subfield code="1">http://viaf.org/viaf/109785773</marc:subfield>
        </marc:datafield>
        <marc:datafield ind1="1" ind2="2" tag="700">
            <marc:subfield code="a">Norton, Andre</marc:subfield>
            <marc:subfield code="d">1912-2005</marc:subfield>
            <marc:subfield code="e">forfatter</marc:subfield>
            <marc:subfield code="4">aut</marc:subfield>
            <marc:subfield code="0">121640202</marc:subfield>
            <marc:subfield code="1">http://viaf.org/viaf/121640202</marc:subfield>
        </marc:datafield>
        <marc:datafield ind1="1" ind2="2" tag="700">
            <marc:subfield code="a">MacDonald, George</marc:subfield>
            <marc:subfield code="d">1824-1905</marc:subfield>
            <marc:subfield code="e">forfatter</marc:subfield>
            <marc:subfield code="4">aut</marc:subfield>
            <marc:subfield code="0">64008667</marc:subfield>
            <marc:subfield code="1">http://viaf.org/viaf/64008667</marc:subfield>
        </marc:datafield>
        <marc:datafield ind1="1" ind2="2" tag="700">
            <marc:subfield code="a">Tolkien, J.R.R.</marc:subfield>
            <marc:subfield code="q">(John Ronald Reuel)</marc:subfield>
            <marc:subfield code="d">1892-1973</marc:subfield>
            <marc:subfield code="e">forfatter</marc:subfield>
            <marc:subfield code="4">aut</marc:subfield>
            <marc:subfield code="0">95218067</marc:subfield>
            <marc:subfield code="1">http://viaf.org/viaf/95218067</marc:subfield>
        </marc:datafield>
        <marc:datafield ind1="1" ind2="2" tag="700">
            <marc:subfield code="a">Read, Herbert W.</marc:subfield>
            <!--<marc:subfield code="q">()</marc:subfield>
			<marc:subfield code="d"></marc:subfield> kunne ikke finne dette -->
            <marc:subfield code="e">forfatter</marc:subfield>
            <marc:subfield code="4">aut</marc:subfield>
            <marc:subfield code="0">76149066350165600474</marc:subfield>
            <marc:subfield code="1">http://viaf.org/viaf/76149066350165600474</marc:subfield>
        </marc:datafield>
        <marc:datafield ind1="1" ind2="2" tag="700">
            <marc:subfield code="a">Thurber, James</marc:subfield>
            <marc:subfield code="d">1894-1961</marc:subfield>
            <marc:subfield code="e">forfatter</marc:subfield>
            <marc:subfield code="4">aut</marc:subfield>
            <marc:subfield code="0">22149445</marc:subfield>
            <marc:subfield code="1">http://viaf.org/viaf/22149445</marc:subfield>
        </marc:datafield>
        <marc:datafield ind1="0" ind2="1" tag="852">
            <marc:subfield code="a">47BIBSYS_NB</marc:subfield>
            <marc:subfield code="6">990940613434702202</marc:subfield>
            <marc:subfield code="9">P</marc:subfield>
        </marc:datafield>
        <marc:datafield ind1=" " ind2=" " tag="913">
            <marc:subfield code="a">Barnebokinstituttet</marc:subfield>
            <marc:subfield code="b">NB</marc:subfield>
        </marc:datafield>
    </marc:record>