
    <marc:record>
        <marc:leader>00910cam a22002537c 4500</marc:leader>
        <marc:controlfield tag="001">999500366924702201</marc:controlfield>
        <marc:controlfield tag="005">20160115002624.0</marc:controlfield>
        <marc:controlfield tag="007">ta</marc:controlfield>
        <marc:controlfield tag="008">111017s1994    xx#||||j||||||000|u|rus|d</marc:controlfield>
        <marc:datafield ind1=" " ind2=" " tag="020">
            <marc:subfield code="a">5050041600</marc:subfield>
        </marc:datafield>
        <marc:datafield ind1=" " ind2=" " tag="035">
            <marc:subfield code="a">950036692-47bibsys_network</marc:subfield>
        </marc:datafield>
        <marc:datafield ind1=" " ind2=" " tag="035">
            <marc:subfield code="a">(NO-TrBIB)950036692</marc:subfield>
        </marc:datafield>
        <marc:datafield ind1=" " ind2=" " tag="040">
            <marc:subfield code="a">NO-TrBIB</marc:subfield>
            <marc:subfield code="b">nob</marc:subfield>
            <marc:subfield code="e">katreg</marc:subfield>
        </marc:datafield>
        <marc:datafield ind1="1" ind2=" " tag="041">
            <marc:subfield code="h">nob</marc:subfield>
            <marc:subfield code="h">eng</marc:subfield>
        </marc:datafield>
        <marc:datafield ind1="1" ind2=" " tag="100">
            <marc:subfield code="a">Gaarder, Jostein</marc:subfield>
            <marc:subfield code="d">1952-</marc:subfield>
            <marc:subfield code="e">forfatter</marc:subfield>
            <marc:subfield code="4">aut</marc:subfield>
            <marc:subfield code="0">54345762</marc:subfield>
            <marc:subfield code="1">http://viaf.org/viaf/54345762</marc:subfield>
        </marc:datafield>
        <marc:datafield ind1="1" ind2="0" tag="240">
            <!-- opprettet marc-felt -->
            <marc:subfield code="a">Froskeslottet</marc:subfield>
            <marc:subfield code="l">Norsk</marc:subfield>
            <marc:subfield code="0">Q2102578</marc:subfield>
            <marc:subfield code="1">https://www.wikidata.org/wiki/Q2102578</marc:subfield>
        </marc:datafield>
        <marc:datafield ind1="1" ind2="0" tag="245">
            <marc:subfield code="a">Froskeslottet /</marc:subfield>
            <marc:subfield code="c">Jostein Gaarder.</marc:subfield>
        </marc:datafield>
        <marc:datafield ind1="1" ind2=" " tag="246">
            <marc:subfield code="a">Froskeslottet</marc:subfield>
            <marc:subfield code="i">Originaltittel</marc:subfield>
        </marc:datafield>
        <marc:datafield ind1=" " ind2=" " tag="260">
            <marc:subfield code="a">[Moskva :</marc:subfield>
            <marc:subfield code="b">Raduga],</marc:subfield>
            <marc:subfield code="c">1994</marc:subfield>
        </marc:datafield>
        <marc:datafield ind1=" " ind2=" " tag="300">
            <marc:subfield code="a">189 s. :</marc:subfield>
            <marc:subfield code="b">ill.</marc:subfield>
        </marc:datafield>
        <marc:datafield ind1=" " ind2=" " tag="336">
            <!-- opprettet felt 336, vanlig bok -->
            <marc:subfield code="a">text</marc:subfield>
            <marc:subfield code="b">txt</marc:subfield>
            <marc:subfield code="0">http://rdaregistry.info/termList/RDAContentType/1020</marc:subfield>
            <marc:subfield code="2">rdacontent</marc:subfield>
        </marc:datafield>
        <marc:datafield ind1=" " ind2=" " tag="336">
            <!-- opprettet felt 336, del av bildebok -->
            <marc:subfield code="a">still image</marc:subfield>
            <marc:subfield code="b">sti</marc:subfield>
            <marc:subfield code="0">http://rdaregistry.info/termList/RDAContentType/1014</marc:subfield>
            <marc:subfield code="2">rdacontent</marc:subfield>
        </marc:datafield>
        <marc:datafield ind1=" " ind2=" " tag="337">
            <!-- oprettet 337 felt, oftest vanlig bok -->
            <marc:subfield code="a">unmediated</marc:subfield>
            <marc:subfield code="0">http://rdaregistry.info/termList/RDAMediaType/1007</marc:subfield>
            <marc:subfield code="2">rdamedia</marc:subfield>
        </marc:datafield>
        <marc:datafield ind1=" " ind2=" " tag="338">
            <!-- opprettet felt 3xx, Bøker (ikke-e-bok)-->
            <marc:subfield code="a">volume</marc:subfield>
            <marc:subfield code="0">http://rdaregistry.info/termList/RDACarrierType/1049</marc:subfield>
            <marc:subfield code="2">rdacarrier</marc:subfield>
        </marc:datafield>
        <marc:datafield ind1=" " ind2=" " tag="380">
            <!-- opprettet felt 3xx, -->
            <marc:subfield code="a">romaner</marc:subfield>
            <marc:subfield code="2">humord</marc:subfield>
        </marc:datafield>
        <marc:datafield ind1=" " ind2=" " tag="500">
            <marc:subfield code="a">Bundet sammen med "Farmer Giles og Ham" / J.R.R. Tolkien og "The golden leg : a book of ghosts and goblins" / Ruth Manning-Sanders i russiske oversettelser</marc:subfield>
        </marc:datafield>
        <marc:datafield ind1="1" ind2="2" tag="700">
            <marc:subfield code="a">Manning-Sanders, Ruth</marc:subfield>
            <marc:subfield code="d">1888-1988</marc:subfield>
            <marc:subfield code="t">The golden leg : a book of ghosts and goblins</marc:subfield>
            <marc:subfield code="0">14885</marc:subfield>
            <marc:subfield code="1">http://www.worldcat.org/oclc/14885</marc:subfield>
        </marc:datafield>
        <marc:datafield ind1="1" ind2="2" tag="700">
            <marc:subfield code="a">Tolkien, John Ronald Reuel</marc:subfield>
            <marc:subfield code="d">1892-1973</marc:subfield>
            <marc:subfield code="t">Farmer Giles of Ham</marc:subfield>
            <marc:subfield code="0">Q471398</marc:subfield>
            <marc:subfield code="1">https://www.wikidata.org/wiki/Q471398</marc:subfield>
        </marc:datafield>
        <marc:datafield ind1="0" ind2="1" tag="852">
            <marc:subfield code="a">47BIBSYS_NB</marc:subfield>
            <marc:subfield code="6">999500366924702202</marc:subfield>
            <marc:subfield code="9">P</marc:subfield>
        </marc:datafield>
    </marc:record>