
    <marc:record>
        <marc:leader>03291cgm a2200553 i 4500</marc:leader>
        <marc:controlfield tag="001">a4448078</marc:controlfield>
        <marc:controlfield tag="003">SpMaBN</marc:controlfield>
        <marc:controlfield tag="005">20101008005835.6</marc:controlfield>
        <marc:controlfield tag="007">vd*cvaizs</marc:controlfield>
        <marc:controlfield tag="008">090317s2008    sp 095 g          v|mul |</marc:controlfield>
        <marc:datafield ind1=" " ind2=" " tag="015">
            <marc:subfield code="a">VD08</marc:subfield>
        </marc:datafield>
        <marc:datafield ind1=" " ind2=" " tag="017">
            <marc:subfield code="a">B 31758-2008 (o.c.)</marc:subfield>
            <marc:subfield code="b">Oficina Depósito Legal Barcelona</marc:subfield>
        </marc:datafield>
        <marc:datafield ind1=" " ind2=" " tag="035">
            <marc:subfield code="a">(OCoLC)740289545</marc:subfield>
        </marc:datafield>
        <marc:datafield ind1=" " ind2=" " tag="040">
            <marc:subfield code="a">SpMaBN</marc:subfield>
            <marc:subfield code="b">spa</marc:subfield>
            <marc:subfield code="c">SpMaBN</marc:subfield>
            <marc:subfield code="e">rdc</marc:subfield>
        </marc:datafield>
        <marc:datafield ind1="1" ind2=" " tag="041">
            <marc:subfield code="a">spa</marc:subfield>
            <marc:subfield code="a">eng</marc:subfield>
            <marc:subfield code="b">spa</marc:subfield>
            <marc:subfield code="d">eng</marc:subfield>
        </marc:datafield>
        <marc:datafield ind1="1" ind2="4" tag="130">
            <marc:subfield code="a">The Chronicles of Narnia</marc:subfield>
            <marc:subfield code="l">Spansk-Engelsk</marc:subfield>
            <marc:subfield code="1">https://www.imdb.com/title/tt0363771/</marc:subfield>
        </marc:datafield>
        <marc:datafield ind1="1" ind2="4" tag="245">
            <marc:subfield code="a">Las crónicas de Narnia :</marc:subfield>
            <marc:subfield code="b">extras exclusivos = The Chronicles of Narnia : extras /</marc:subfield>
            <marc:subfield code="c">director, Alex Kirby ; dramatised by Alan Seymour ; producer, Paul Stone ; executive producer, Colin Shindler ; original music composed by Geoffrey Burgon ; designers, Vin Burnham ... [et al.] ; visual effects designers, Tony Harding, Mickey Edwards ; video effects designer, Robin Lobb ; make-up and masks, Denise Baron, Jane Walker, Mark Phillips ; costume design by Judy Pepperdine, Ros Little</marc:subfield>
        </marc:datafield>
        <marc:datafield ind1=" " ind2=" " tag="250">
            <marc:subfield code="a">Kollektorutgave</marc:subfield>
        </marc:datafield>
        <marc:datafield ind1="0" ind2=" " tag="260">
            <marc:subfield code="a">Barcelona :</marc:subfield>
            <marc:subfield code="b">Planeta Junior :</marc:subfield>
            <marc:subfield code="b">distribuidor exclusivo, SAV Editora,</marc:subfield>
            <marc:subfield code="c">D.L. 2008.</marc:subfield>
        </marc:datafield>
        <marc:datafield ind1=" " ind2=" " tag="300">
            <marc:subfield code="a">1 DVD-Vídeo (ca. 95 min) :</marc:subfield>
            <marc:subfield code="b">lyd, kol.</marc:subfield>
        </marc:datafield>
        <marc:datafield ind1=" " ind2=" " tag="336">
            <marc:subfield code="a">two-dimensional moving image</marc:subfield>
            <marc:subfield code="b">tdi</marc:subfield>
            <marc:subfield code="0">http://rdaregistry.info/termList/RDAContentType/1023</marc:subfield>
            <marc:subfield code="2">rdacontent</marc:subfield>
        </marc:datafield>
        <marc:datafield ind1=" " ind2=" " tag="337">
            <marc:subfield code="a">video</marc:subfield>
            <marc:subfield code="0">http://rdaregistry.info/termList/RDAMediaType/1008</marc:subfield>
            <marc:subfield code="2">rdacontent</marc:subfield>
        </marc:datafield>
        <marc:datafield ind1=" " ind2=" " tag="338">
            <marc:subfield code="a">videodisc</marc:subfield>
            <marc:subfield code="0">http://rdaregistry.info/termList/RDACarrierType/1060</marc:subfield>
            <marc:subfield code="2">rdacontent</marc:subfield>
        </marc:datafield>
        <marc:datafield ind1=" " ind2=" " tag="380">
            <marc:subfield code="a">spillefilmer</marc:subfield>
            <marc:subfield code="2">humord</marc:subfield>
        </marc:datafield>
        <marc:datafield ind1=" " ind2=" " tag="500">
            <marc:subfield code="a">Cine europeo Reino Unido Gran Bretaña</marc:subfield>
        </marc:datafield>
        <marc:datafield ind1=" " ind2=" " tag="500">
            <marc:subfield code="a">Extras sobre la serie de TV de aventuras y fantasía producida por la BBC TV en asociación con WonderWorks en 1990 y basada en las historias de "The chronicles of Narnia" escritas por C.S. Lewis</marc:subfield>
        </marc:datafield>
        <marc:datafield ind1="1" ind2=" " tag="505">
            <marc:subfield code="a">Entrevista a los hermanos Povensie (personajes protagonistas de las Crónicas de Narnia) durante el Reencuentro de Actores de 2003 ; Vídeo clips de Blue Peter ; Diseño de vestuario y decorados ; Efectos especiales ; Tomas falsas ; Juego Pregunta-Respuesta ; Sabías que-- ; Biografías y mucho más</marc:subfield>
        </marc:datafield>
        <marc:datafield ind1="8" ind2=" " tag="521">
            <marc:subfield code="a">Autorizada para todos los públicos</marc:subfield>
        </marc:datafield>
        <marc:datafield ind1=" " ind2=" " tag="546">
            <marc:subfield code="a">Versiones en español e inglés con subtítulos opcionales en español</marc:subfield>
        </marc:datafield>
        <marc:datafield ind1="1" ind2=" " tag="700">
            <marc:subfield code="a">Kirby, Alex</marc:subfield>
            <marc:subfield code="e">filmregissør</marc:subfield>
            <marc:subfield code="4">fmd</marc:subfield>
            <marc:subfield code="1">https://www.imdb.com/name/nm0456110/</marc:subfield>
        </marc:datafield>
        <marc:datafield ind1="1" ind2=" " tag="700">
            <marc:subfield code="a">Seymour, Alan</marc:subfield>
            <marc:subfield code="d">1927-2015</marc:subfield>
            <marc:subfield code="e">manusforfatter</marc:subfield>
            <marc:subfield code="4">aus</marc:subfield>
            <marc:subfield code="1">https://www.imdb.com/name/nm0786795/</marc:subfield>
        </marc:datafield>
        <marc:datafield ind1="1" ind2=" " tag="700">
            <marc:subfield code="a">Stone, Paul</marc:subfield>
            <marc:subfield code="e">produsent</marc:subfield>
            <marc:subfield code="4">pro</marc:subfield>
            <marc:subfield code="1">https://www.imdb.com/name/nm0832093/</marc:subfield>
        </marc:datafield>
        <marc:datafield ind1="1" ind2=" " tag="700">
            <marc:subfield code="a">Shindler, Colin</marc:subfield>
            <marc:subfield code="e">produsent</marc:subfield>
            <marc:subfield code="4">pro</marc:subfield>
            <marc:subfield code="1">https://www.imdb.com/name/nm0793859/</marc:subfield>
        </marc:datafield>
        <marc:datafield ind1="1" ind2=" " tag="700">
            <marc:subfield code="a">Burgon, Geoffrey</marc:subfield>
            <marc:subfield code="d">1941-2010</marc:subfield>
            <marc:subfield code="e">komponist</marc:subfield>
            <marc:subfield code="4">cmp</marc:subfield>
            <marc:subfield code="1">https://www.imdb.com/name/nm0121431/</marc:subfield>
        </marc:datafield>
        <marc:datafield ind1="1" ind2=" " tag="700">
            <marc:subfield code="a">Burnham, Vin</marc:subfield>
            <marc:subfield code="e">grafisk designer</marc:subfield>
            <marc:subfield code="4">art</marc:subfield>
            <marc:subfield code="1">https://www.imdb.com/name/nm0122521/</marc:subfield>
        </marc:datafield>
        <marc:datafield ind1="1" ind2=" " tag="700">
            <marc:subfield code="a">Harding, Tony</marc:subfield>
            <marc:subfield code="e">produksjonsdesigner</marc:subfield>
            <marc:subfield code="4">prs</marc:subfield>
            <marc:subfield code="1">https://www.imdb.com/name/nm0362407/</marc:subfield>
        </marc:datafield>
        <marc:datafield ind1="1" ind2=" " tag="700">
            <marc:subfield code="a">Edwards, Mickey</marc:subfield>
            <marc:subfield code="e">produksjonsdesigner</marc:subfield>
            <marc:subfield code="4">prs</marc:subfield>
            <marc:subfield code="1">https://www.imdb.com/name/nm0250226/</marc:subfield>
        </marc:datafield>
        <marc:datafield ind1="1" ind2=" " tag="700">
            <marc:subfield code="a">Lobb, Robin</marc:subfield>
            <marc:subfield code="e">produksjonsdesigner</marc:subfield>
            <marc:subfield code="4">prs</marc:subfield>
            <marc:subfield code="1">https://www.imdb.com/name/nm0516443/</marc:subfield>
        </marc:datafield>
        <marc:datafield ind1="1" ind2=" " tag="700">
            <marc:subfield code="a">Baron, Denise</marc:subfield>
            <marc:subfield code="e">produksjonspersonell</marc:subfield>
            <marc:subfield code="4">prd</marc:subfield>
            <marc:subfield code="1">https://www.imdb.com/name/nm0056223/</marc:subfield>
        </marc:datafield>
        <marc:datafield ind1="1" ind2=" " tag="700">
            <marc:subfield code="a">Walker, Jane</marc:subfield>
            <marc:subfield code="e">produksjonspersonell</marc:subfield>
            <marc:subfield code="4">prd</marc:subfield>
            <marc:subfield code="1">https://www.imdb.com/name/nm0003969/</marc:subfield>
        </marc:datafield>
        <marc:datafield ind1="1" ind2=" " tag="700">
            <marc:subfield code="a">Phillips, Mark</marc:subfield>
            <marc:subfield code="e">produksjonspersonell</marc:subfield>
            <marc:subfield code="4">prd</marc:subfield>
            <marc:subfield code="1">https://www.imdb.com/name/nm0680620/</marc:subfield>
        </marc:datafield>
        <marc:datafield ind1="1" ind2=" " tag="700">
            <marc:subfield code="a">Pepperdine, Judy</marc:subfield>
            <marc:subfield code="e">kostymedesigner</marc:subfield>
            <marc:subfield code="4">cst</marc:subfield>
            <marc:subfield code="1">https://www.imdb.com/name/nm0672620/</marc:subfield>
        </marc:datafield>
        <marc:datafield ind1="1" ind2=" " tag="700">
            <marc:subfield code="a">Little, Ros</marc:subfield>
            <marc:subfield code="e">kostymedesigner</marc:subfield>
            <marc:subfield code="4">cst</marc:subfield>
            <marc:subfield code="1">https://www.imdb.com/name/nm0514657/</marc:subfield>
        </marc:datafield>
        <marc:datafield ind1="1" ind2=" " tag="700">
            <marc:subfield code="a">Lewis, C.S.</marc:subfield>
            <marc:subfield code="q">(Clive Staples)</marc:subfield>
            <marc:subfield code="d">1898-1963</marc:subfield>
            <marc:subfield code="t">The chronicles of Narnia</marc:subfield>
            <marc:subfield code="i">is adapted as television screenplay work</marc:subfield>
            <marc:subfield code="0">306402015 </marc:subfield>
            <marc:subfield code="1">http://viaf.org/viaf/306402015</marc:subfield>
            <marc:subfield code="4">http://rdaregistry.info/Elements/w/adaptedAsTelevisionScreenplayWork.en</marc:subfield>
        </marc:datafield>
        <marc:datafield ind1="2" ind2=" " tag="710">
            <marc:subfield code="a">BBC TV</marc:subfield>
        </marc:datafield>
        <marc:datafield ind1="2" ind2=" " tag="710">
            <marc:subfield code="a">WonderWorks</marc:subfield>
        </marc:datafield>
    </marc:record>