
    <marc:record>
        <marc:leader>01496nam a2200397 c 4500</marc:leader>
        <marc:controlfield tag="001">a6146182</marc:controlfield>
        <marc:controlfield tag="003">SpMaBN</marc:controlfield>
        <marc:controlfield tag="005">20180820182846.2</marc:controlfield>
        <marc:controlfield tag="008">180404s2018    sp     | |||| 000 d cat  </marc:controlfield>
        <marc:datafield ind1=" " ind2=" " tag="015">
            <marc:subfield code="a">MON1806</marc:subfield>
        </marc:datafield>
        <marc:datafield ind1=" " ind2=" " tag="017">
            <marc:subfield code="a">B 1287-2018</marc:subfield>
            <marc:subfield code="b">Oficina Depósito Legal Barcelona</marc:subfield>
        </marc:datafield>
        <marc:datafield ind1=" " ind2=" " tag="020">
            <marc:subfield code="a">978-84-17031-72-5</marc:subfield>
        </marc:datafield>
        <marc:datafield ind1=" " ind2=" " tag="040">
            <marc:subfield code="a">SpMaBN</marc:subfield>
            <marc:subfield code="b">spa</marc:subfield>
            <marc:subfield code="c">SpMaBN</marc:subfield>
            <marc:subfield code="e">rdc</marc:subfield>
        </marc:datafield>
        <marc:datafield ind1="1" ind2=" " tag="041">
            <marc:subfield code="a">cat</marc:subfield>
            <marc:subfield code="h">eng</marc:subfield>
        </marc:datafield>
        <marc:datafield ind1="1" ind2=" " tag="100">
            <marc:subfield code="a">Thorne, Jack</marc:subfield>
            <marc:subfield code="d">1978-</marc:subfield>
            <marc:subfield code="e">forfatter</marc:subfield>
            <marc:subfield code="4">aut</marc:subfield>
            <marc:subfield code="0">73601326</marc:subfield>
            <marc:subfield code="1">http://viaf.org/viaf/73601326</marc:subfield>
        </marc:datafield>
        <marc:datafield ind1="1" ind2="0" tag="240">
            <marc:subfield code="a">Harry Potter and the cursed child parts one and two</marc:subfield>
            <marc:subfield code="l">Katalansk</marc:subfield>
            <marc:subfield code="0">1050703765</marc:subfield>
            <marc:subfield code="1">http://www.worldcat.org/oclc/1050703765</marc:subfield>
        </marc:datafield>
        <marc:datafield ind1="1" ind2="0" tag="245">
            <marc:subfield code="a">Harry Potter i el llegat maleït :</marc:subfield>
            <marc:subfield code="b">parts u i dos /</marc:subfield>
            <marc:subfield code="c">J.K. Rowling ; [John Tiffany, una obra de teatre de Jack Thorne ; traducció, Xavier Pàmies Giménez]</marc:subfield>
        </marc:datafield>
        <marc:datafield ind1="0" ind2=" " tag="246">
            <marc:subfield code="i">Subtítulo de la cubierta</marc:subfield>
            <marc:subfield code="a">Text teatral</marc:subfield>
        </marc:datafield>
        <marc:datafield ind1=" " ind2=" " tag="250">
            <marc:subfield code="a">1. utg.</marc:subfield>
        </marc:datafield>
        <marc:datafield ind1=" " ind2=" " tag="260">
            <marc:subfield code="a">[Barcelona] :</marc:subfield>
            <marc:subfield code="b">Labutxaca,</marc:subfield>
            <marc:subfield code="c">2018.</marc:subfield>
        </marc:datafield>
        <marc:datafield ind1=" " ind2=" " tag="300">
            <marc:subfield code="a">477 s. ;</marc:subfield>
            <marc:subfield code="c">19 cm</marc:subfield>
        </marc:datafield>
        <marc:datafield ind1=" " ind2=" " tag="336">
            <marc:subfield code="a">text</marc:subfield>
            <marc:subfield code="b">txt</marc:subfield>
            <marc:subfield code="0">http://rdaregistry.info/termList/RDAContentType/1020</marc:subfield>
            <marc:subfield code="2">rdacontent</marc:subfield>
        </marc:datafield>
        <marc:datafield ind1=" " ind2=" " tag="337">
            <marc:subfield code="a">unmediated</marc:subfield>
            <marc:subfield code="0">http://rdaregistry.info/termList/RDAMediaType/1007</marc:subfield>
            <marc:subfield code="2">rdacontent</marc:subfield>
        </marc:datafield>
        <marc:datafield ind1=" " ind2=" " tag="338">
            <marc:subfield code="a">volume</marc:subfield>
            <marc:subfield code="0">http://rdaregistry.info/termList/RDACarrierType/1049</marc:subfield>
            <marc:subfield code="2">rdacontent</marc:subfield>
        </marc:datafield>
        <marc:datafield ind1=" " ind2=" " tag="380">
            <marc:subfield code="a">regibøker</marc:subfield>
            <marc:subfield code="2">humord</marc:subfield>
        </marc:datafield>
        <marc:datafield ind1=" " ind2=" " tag="500">
            <marc:subfield code="a">"Basada en una història original de J. K. Rowling"--Cubierta</marc:subfield>
        </marc:datafield>
        <marc:datafield ind1=" " ind2=" " tag="594">
            <marc:subfield code="a">Título original: Harry Potter and the cursed child parts one and two</marc:subfield>
        </marc:datafield>
        <marc:datafield ind1=" " ind2=" " tag="596">
            <marc:subfield code="a">En la portada: Empúries</marc:subfield>
        </marc:datafield>
        <marc:datafield ind1=" " ind2="7" tag="655">
            <marc:subfield code="a">Ungdomlitteratur</marc:subfield>
        </marc:datafield>
        <marc:datafield ind1="1" ind2=" " tag="700">
            <marc:subfield code="a">Rowling, J.K.</marc:subfield>
            <marc:subfield code="q">(Joanne Kathleen)</marc:subfield>
            <marc:subfield code="d">1965-</marc:subfield>
            <marc:subfield code="e">idéskaper</marc:subfield>
            <marc:subfield code="4">ccp</marc:subfield>
            <marc:subfield code="0">116796842</marc:subfield>
            <marc:subfield code="1">http://viaf.org/viaf/116796842</marc:subfield>
        </marc:datafield>
        <marc:datafield ind1="1" ind2=" " tag="700">
            <marc:subfield code="a">Tiffany, John</marc:subfield>
            <marc:subfield code="d">1971-</marc:subfield>
            <marc:subfield code="e">forfatter</marc:subfield>
            <marc:subfield code="4">aut</marc:subfield>
            <marc:subfield code="0">114147118253426341579</marc:subfield>
            <marc:subfield code="1">http://viaf.org/viaf/114147118253426341579</marc:subfield>
        </marc:datafield>
        <marc:datafield ind1="1" ind2=" " tag="700">
            <marc:subfield code="a">Pàmies, Xavier</marc:subfield>
            <marc:subfield code="d">1959-</marc:subfield>
            <marc:subfield code="e">oversetter</marc:subfield>
            <marc:subfield code="4">trl</marc:subfield>
            <marc:subfield code="0">73116696</marc:subfield>
            <marc:subfield code="1">http://viaf.org/viaf/73116696</marc:subfield>
        </marc:datafield>
        <marc:datafield ind1="1" ind2="0" tag="700">
            <marc:subfield code="a">Rowling, J.K.</marc:subfield>
            <marc:subfield code="d">1965-</marc:subfield>
            <marc:subfield code="i">is text for work</marc:subfield>
            <marc:subfield code="t">Harry Potter</marc:subfield>
            <marc:subfield code="1">https://www.wikidata.org/wiki/Q8337</marc:subfield>
            <marc:subfield code="4">http://rdaregistry.info/Elements/w/textForWork.en</marc:subfield>
        </marc:datafield>
    </marc:record>