
    <marc:record>
        <marc:leader>03605ngm a2200625 c 4500</marc:leader>
        <marc:controlfield tag="001">a6328113</marc:controlfield>
        <marc:controlfield tag="003">SpMaBN</marc:controlfield>
        <marc:controlfield tag="005">20181015142612.2</marc:controlfield>
        <marc:controlfield tag="007">vd*csaizq</marc:controlfield>
        <marc:controlfield tag="008">181004s2017    sp 266 g          vlspa  </marc:controlfield>
        <marc:datafield ind1=" " ind2=" " tag="015">
            <marc:subfield code="a">VD17</marc:subfield>
        </marc:datafield>
        <marc:datafield ind1=" " ind2=" " tag="017">
            <marc:subfield code="a">M 1667-2017</marc:subfield>
            <marc:subfield code="b">Oficina Depósito Legal Madrid</marc:subfield>
        </marc:datafield>
        <marc:datafield ind1="3" ind2=" " tag="024">
            <marc:subfield code="a">8420266007193</marc:subfield>
        </marc:datafield>
        <marc:datafield ind1="4" ind2="0" tag="028">
            <marc:subfield code="a">F5-BUHD 7962656</marc:subfield>
            <marc:subfield code="b">Warner Bros.</marc:subfield>
        </marc:datafield>
        <marc:datafield ind1=" " ind2=" " tag="035">
            <marc:subfield code="a">(OCoLC)1061822073</marc:subfield>
        </marc:datafield>
        <marc:datafield ind1=" " ind2=" " tag="040">
            <marc:subfield code="a">SpMaBN</marc:subfield>
            <marc:subfield code="b">spa</marc:subfield>
            <marc:subfield code="c">SpMaBN</marc:subfield>
            <marc:subfield code="e">rdc</marc:subfield>
        </marc:datafield>
        <marc:datafield ind1="1" ind2=" " tag="041">
            <marc:subfield code="a">spa</marc:subfield>
            <marc:subfield code="a">cat</marc:subfield>
            <marc:subfield code="a">eng</marc:subfield>
            <marc:subfield code="j">nor</marc:subfield>
            <marc:subfield code="j">spa</marc:subfield>
            <marc:subfield code="j">swe</marc:subfield>
            <marc:subfield code="h">eng</marc:subfield>
        </marc:datafield>
        <marc:datafield ind1="0" ind2=" " tag="130">
            <marc:subfield code="a">Fantastic beasts and where to find them (Película cinematográfica)</marc:subfield>
            <marc:subfield code="1">https://www.imdb.com/title/tt3183660/</marc:subfield>
        </marc:datafield>
        <marc:datafield ind1="1" ind2="0" tag="245">
            <marc:subfield code="a">Animales fantásticos y dónde encontrarlos :</marc:subfield>
            <marc:subfield code="b">Fantastic beasts and where to find them /</marc:subfield>
            <marc:subfield code="c">directed by David Yates ; produced by David Heyman, J.K. Rowling, Steve Kloves, Lionel Wigram ; director of photography, Philippe Rousselot ; written by J.K. Rowling ; music by James Newton Howard</marc:subfield>
        </marc:datafield>
        <marc:datafield ind1=" " ind2=" " tag="260">
            <marc:subfield code="a">Madrid :</marc:subfield>
            <marc:subfield code="b">distribuida en España por Twentieth Century Fox Home Entertainment :</marc:subfield>
            <marc:subfield code="b">Warner Bros.,</marc:subfield>
            <marc:subfield code="c">D.L. 2017.</marc:subfield>
        </marc:datafield>
        <marc:datafield ind1=" " ind2=" " tag="300">
            <marc:subfield code="a">2 Blu-ray (ca. 133 min. per) :</marc:subfield>
            <marc:subfield code="b">lyd, kol.</marc:subfield>
        </marc:datafield>
        <marc:datafield ind1=" " ind2=" " tag="336">
            <marc:subfield code="a">two-dimensional moving image</marc:subfield>
            <marc:subfield code="b">tdi</marc:subfield>
            <marc:subfield code="0">http://rdaregistry.info/termList/RDAContentType/1023</marc:subfield>
            <marc:subfield code="2">rdacontent</marc:subfield>
        </marc:datafield>
        <marc:datafield ind1=" " ind2=" " tag="337">
            <marc:subfield code="a">video</marc:subfield>
            <marc:subfield code="0">http://rdaregistry.info/termList/RDAMediaType/1008</marc:subfield>
            <marc:subfield code="2">rdacontent</marc:subfield>
        </marc:datafield>
        <marc:datafield ind1=" " ind2=" " tag="338">
            <marc:subfield code="a">video</marc:subfield>
            <marc:subfield code="0">http://rdaregistry.info/termList/RDACarrierType/1060</marc:subfield>
            <marc:subfield code="2">rdacontent</marc:subfield>
        </marc:datafield>
        <marc:datafield ind1=" " ind2=" " tag="380">
            <marc:subfield code="a">spillefilmer</marc:subfield>
            <marc:subfield code="2">humord</marc:subfield>
        </marc:datafield>
        <marc:datafield ind1=" " ind2=" " tag="500">
            <marc:subfield code="a">Basada en el mundo mágico de J.K. Rowling</marc:subfield>
        </marc:datafield>
        <marc:datafield ind1=" " ind2=" " tag="500">
            <marc:subfield code="a">Incluye contenido extra</marc:subfield>
        </marc:datafield>
        <marc:datafield ind1=" " ind2=" " tag="505">
            <marc:subfield code="a">Blu-ray 1. Película en Blu-ray -- Blu-ray 2. Película en Blu-ray 4K Ultra HD</marc:subfield>
        </marc:datafield>
        <marc:datafield ind1=" " ind2=" " tag="518">
            <marc:subfield code="a">Largometraje coproducido por Reino Unido y Estados Unidos en 2016</marc:subfield>
        </marc:datafield>
        <marc:datafield ind1="3" ind2=" " tag="520">
            <marc:subfield code="a">Algo misterioso está dejando un rastro de destrucción a su paso por las calles de Nueva York de 1926 y amenaza con exponer a la comunidad mágica. Newt Scamander llega a la ciudad y cuando deja sueltos por accidente a algunos de sus animales, un grupo de héroes debe recuperarlos antes de que sufran daño. Pero su misión entra en conflicto con fuerzas oscuras</marc:subfield>
        </marc:datafield>
        <marc:datafield ind1="1" ind2=" " tag="521">
            <marc:subfield code="a">No recomendada para menores de 7 años</marc:subfield>
        </marc:datafield>
        <marc:datafield ind1=" " ind2=" " tag="538">
            <marc:subfield code="a">Resolución de imagen 2160p Ultra Alta Definición (4K Ultra HD)</marc:subfield>
        </marc:datafield>
        <marc:datafield ind1=" " ind2=" " tag="538">
            <marc:subfield code="a">Resolución de imagen 1080p Alta Definición (Blu-ray)</marc:subfield>
        </marc:datafield>
        <marc:datafield ind1=" " ind2=" " tag="538">
            <marc:subfield code="a">Formato de película 2.4:1</marc:subfield>
        </marc:datafield>
        <marc:datafield ind1=" " ind2=" " tag="538">
            <marc:subfield code="a">Formato de pantalla 16:9</marc:subfield>
        </marc:datafield>
        <marc:datafield ind1=" " ind2=" " tag="538">
            <marc:subfield code="a">Formato de sonido Dolby Digital 5.1, Dolby Atmos</marc:subfield>
        </marc:datafield>
        <marc:datafield ind1=" " ind2=" " tag="538">
            <marc:subfield code="a">Requisitos versión 4K Ultra HD: TV 4K UHD con HDR, reproductor blu-ray ultra HD, cable HDMI de alta velocidad (categoría 2)</marc:subfield>
        </marc:datafield>
        <marc:datafield ind1=" " ind2=" " tag="546">
            <marc:subfield code="a">Versiones en castellano, catalán, inglés e inglés audiodescriptivo, con subtítulos opcionales en castellano, noruego, sueco. Inglés codificado para sordos</marc:subfield>
        </marc:datafield>
        <marc:datafield ind1=" " ind2="7" tag="655">
            <marc:subfield code="a">Fantasyfilmer</marc:subfield>
        </marc:datafield>
        <marc:datafield ind1=" " ind2="7" tag="655">
            <marc:subfield code="a">Action- og eventyrfilm</marc:subfield>
        </marc:datafield>
        <marc:datafield ind1="1" ind2=" " tag="700">
            <marc:subfield code="a">Yates, David</marc:subfield>
            <marc:subfield code="d">1963-</marc:subfield>
            <marc:subfield code="e">filmregissør</marc:subfield>
            <marc:subfield code="4">fmd</marc:subfield>
            <marc:subfield code="1">https://www.imdb.com/name/nm0946734/</marc:subfield>
        </marc:datafield>
        <marc:datafield ind1="1" ind2=" " tag="700">
            <marc:subfield code="a">Howard, James Newton</marc:subfield>
            <marc:subfield code="d">1951-</marc:subfield>
            <marc:subfield code="e">komponist</marc:subfield>
            <marc:subfield code="4">cmp</marc:subfield>
            <marc:subfield code="1">https://www.imdb.com/name/nm0006133/</marc:subfield>
        </marc:datafield>
        <marc:datafield ind1="1" ind2=" " tag="700">
            <marc:subfield code="a">Rousselot, Philippe</marc:subfield>
            <marc:subfield code="d">1945-</marc:subfield>
            <marc:subfield code="e">direktør for fotografi</marc:subfield>
            <marc:subfield code="4">cng</marc:subfield>
            <marc:subfield code="1">https://www.imdb.com/name/nm0003542/</marc:subfield>
        </marc:datafield>
        <marc:datafield ind1="1" ind2=" " tag="700">
            <marc:subfield code="a">Rowling, J.K.</marc:subfield>
            <marc:subfield code="d">1965-</marc:subfield>
            <marc:subfield code="e">manusforfatter</marc:subfield>
            <marc:subfield code="e">regissør</marc:subfield>
            <marc:subfield code="e">idéskaper</marc:subfield>
            <marc:subfield code="4">aus</marc:subfield>
            <marc:subfield code="4">pro</marc:subfield>
            <marc:subfield code="4">ccp</marc:subfield>
            <marc:subfield code="0">116796842</marc:subfield>
            <marc:subfield code="1">http://viaf.org/viaf/116796842</marc:subfield>
        </marc:datafield>
        <marc:datafield ind1="1" ind2=" " tag="700">
            <marc:subfield code="a">Heyman, David</marc:subfield>
            <marc:subfield code="d">1961-</marc:subfield>
            <marc:subfield code="e">produsent</marc:subfield>
            <marc:subfield code="4">pro</marc:subfield>
            <marc:subfield code="1">https://www.imdb.com/name/nm0382268/</marc:subfield>
        </marc:datafield>
        <marc:datafield ind1="1" ind2=" " tag="700">
            <marc:subfield code="a">Kloves, Steve</marc:subfield>
            <marc:subfield code="d">1960-</marc:subfield>
            <marc:subfield code="e">produsent</marc:subfield>
            <marc:subfield code="4">pro</marc:subfield>
            <marc:subfield code="1">https://www.imdb.com/name/nm0460141/</marc:subfield>
        </marc:datafield>
        <marc:datafield ind1="1" ind2=" " tag="700">
            <marc:subfield code="a">Wigram, Lionel</marc:subfield>
            <marc:subfield code="d">1962-</marc:subfield>
            <marc:subfield code="e">produsent</marc:subfield>
            <marc:subfield code="4">pro</marc:subfield>
            <marc:subfield code="1">https://www.imdb.com/name/nm0927880/</marc:subfield>
        </marc:datafield>
        <marc:datafield ind1="1" ind2=" " tag="700">
            <marc:subfield code="a">Redmayne, Eddie</marc:subfield>
            <marc:subfield code="d">1982-</marc:subfield>
            <marc:subfield code="e">skuespiller</marc:subfield>
            <marc:subfield code="4">act</marc:subfield>
            <marc:subfield code="1">https://www.imdb.com/name/nm1519666/</marc:subfield>
        </marc:datafield>
        <marc:datafield ind1="1" ind2=" " tag="700">
            <marc:subfield code="a">Waterston, Katherine</marc:subfield>
            <marc:subfield code="d">1980-</marc:subfield>
            <marc:subfield code="e">skuespiller</marc:subfield>
            <marc:subfield code="4">act</marc:subfield>
            <marc:subfield code="1">https://www.imdb.com/name/nm2239702/</marc:subfield>
        </marc:datafield>
        <marc:datafield ind1="1" ind2=" " tag="700">
            <marc:subfield code="a">Fogler, Dan</marc:subfield>
            <marc:subfield code="d">1976-</marc:subfield>
            <marc:subfield code="e">skuespiller</marc:subfield>
            <marc:subfield code="4">act</marc:subfield>
            <marc:subfield code="1">https://www.imdb.com/name/nm0283945/</marc:subfield>
        </marc:datafield>
        <marc:datafield ind1="1" ind2="0" tag="700">
            <marc:subfield code="a">Rowling, J.K.</marc:subfield>
            <marc:subfield code="d">1965-</marc:subfield>
            <marc:subfield code="i">is adapted as motion picture work</marc:subfield>
            <marc:subfield code="t">Fantastic beasts and where to find them</marc:subfield>
            <marc:subfield code="1">https://www.wikidata.org/wiki/Q194424</marc:subfield>
            <marc:subfield code="4">http://rdaregistry.info/Elements/w/adaptedAsMotionPictureWork.en</marc:subfield>
        </marc:datafield>
    </marc:record>