
    <marc:record>
        <marc:leader>01502nam a2200373 c 4500</marc:leader>
        <marc:controlfield tag="001">a6121541</marc:controlfield>
        <marc:controlfield tag="003">SpMaBN</marc:controlfield>
        <marc:controlfield tag="005">20180717165156.3</marc:controlfield>
        <marc:controlfield tag="008">180228s2017    sp a   | |||| 001 1 cat  </marc:controlfield>
        <marc:datafield ind1=" " ind2=" " tag="015">
            <marc:subfield code="a">MON1807</marc:subfield>
        </marc:datafield>
        <marc:datafield ind1=" " ind2=" " tag="017">
            <marc:subfield code="a">B 12737-2017</marc:subfield>
            <marc:subfield code="b">Oficina Depósito Legal Barcelona</marc:subfield>
        </marc:datafield>
        <marc:datafield ind1=" " ind2=" " tag="020">
            <marc:subfield code="a">978-84-17016-14-2</marc:subfield>
        </marc:datafield>
        <marc:datafield ind1=" " ind2=" " tag="040">
            <marc:subfield code="a">SpMaBN</marc:subfield>
            <marc:subfield code="b">spa</marc:subfield>
            <marc:subfield code="c">SpMaBN</marc:subfield>
            <marc:subfield code="e">rdc</marc:subfield>
        </marc:datafield>
        <marc:datafield ind1="1" ind2=" " tag="041">
            <marc:subfield code="a">cat</marc:subfield>
            <marc:subfield code="h">eng</marc:subfield>
        </marc:datafield>
        <marc:datafield ind1="1" ind2=" " tag="100">
            <marc:subfield code="a">Scamander, Newt</marc:subfield>
            <marc:subfield code="d">1897-.</marc:subfield>
            <marc:subfield code="0">116796842</marc:subfield>
            <marc:subfield code="1">http://viaf.org/viaf/116796842</marc:subfield>
        </marc:datafield>
        <marc:datafield ind1="1" ind2="0" tag="240">
            <marc:subfield code="a">Fantastic beasts &amp; where to find them</marc:subfield>
            <marc:subfield code="l">Katalansk</marc:subfield>
            <marc:subfield code="0">Q194424</marc:subfield>
            <marc:subfield code="1">https://www.wikidata.org/wiki/Q194424</marc:subfield>
        </marc:datafield>
        <marc:datafield ind1="1" ind2="0" tag="245">
            <marc:subfield code="a">Bèsties fantàstiques i on trobar-les /</marc:subfield>
            <marc:subfield code="c">Newt Scamander, J.K. Rowling ; illustrated per Olivia Lomenech Gill ; [traducció, Sandra Vivet ; traducció del nou pròleg i de les noves bèsties, Ernest Riera]</marc:subfield>
        </marc:datafield>
        <marc:datafield ind1=" " ind2=" " tag="250">
            <marc:subfield code="a">1. utg.</marc:subfield>
        </marc:datafield>
        <marc:datafield ind1=" " ind2=" " tag="260">
            <marc:subfield code="a">Barcelona :</marc:subfield>
            <marc:subfield code="b">Empúries,</marc:subfield>
            <marc:subfield code="c">2017.</marc:subfield>
        </marc:datafield>
        <marc:datafield ind1=" " ind2=" " tag="300">
            <marc:subfield code="a">XVIII, 133 s. (noen brettet) ;</marc:subfield>
            <marc:subfield code="b">ill. kol. ;</marc:subfield>
            <marc:subfield code="c">21 cm</marc:subfield>
        </marc:datafield>
        <marc:datafield ind1=" " ind2=" " tag="336">
            <marc:subfield code="a">text</marc:subfield>
            <marc:subfield code="b">txt</marc:subfield>
            <marc:subfield code="0">http://rdaregistry.info/termList/RDAContentType/1020</marc:subfield>
            <marc:subfield code="2">rdacontent</marc:subfield>
        </marc:datafield>
        <marc:datafield ind1=" " ind2=" " tag="337">
            <marc:subfield code="a">unmediated</marc:subfield>
            <marc:subfield code="0">http://rdaregistry.info/termList/RDAMediaType/1007</marc:subfield>
            <marc:subfield code="2">rdacontent</marc:subfield>
        </marc:datafield>
        <marc:datafield ind1=" " ind2=" " tag="338">
            <marc:subfield code="a">volume</marc:subfield>
            <marc:subfield code="0">http://rdaregistry.info/termList/RDACarrierType/1049</marc:subfield>
            <marc:subfield code="2">rdacontent</marc:subfield>
        </marc:datafield>
        <marc:datafield ind1=" " ind2=" " tag="380">
            <marc:subfield code="a">romaner</marc:subfield>
            <marc:subfield code="2">humord</marc:subfield>
        </marc:datafield>
        <marc:datafield ind1=" " ind2=" " tag="500">
            <marc:subfield code="a">Índice</marc:subfield>
        </marc:datafield>
        <marc:datafield ind1="1" ind2="7" tag="600">
            <marc:subfield code="a">Rowling, J.K.</marc:subfield>
            <marc:subfield code="d">1965-</marc:subfield>
            <marc:subfield code="t">Harry Potter</marc:subfield>
            <marc:subfield code="0">Q8337</marc:subfield>
            <marc:subfield code="1">https://www.wikidata.org/wiki/Q8337</marc:subfield>
        </marc:datafield>
        <marc:datafield ind1=" " ind2="4" tag="650">
            <marc:subfield code="a">Fabelaktige dyr</marc:subfield>
            <marc:subfield code="v">Ill. verk</marc:subfield>
        </marc:datafield>
        <marc:datafield ind1=" " ind2="7" tag="655">
            <marc:subfield code="a">Barnelitteratur</marc:subfield>
        </marc:datafield>
        <marc:datafield ind1=" " ind2="7" tag="655">
            <marc:subfield code="a">Illustrerte bøker</marc:subfield>
        </marc:datafield>
        <marc:datafield ind1="1" ind2=" " tag="700">
            <marc:subfield code="a">Lomenech Gill, Olivia</marc:subfield>
            <marc:subfield code="d">1974-</marc:subfield>
            <marc:subfield code="e">illustratør</marc:subfield>
            <marc:subfield code="4">ill</marc:subfield>
            <marc:subfield code="0">278494544</marc:subfield>
            <marc:subfield code="1">http://viaf.org/viaf/278494544</marc:subfield>
        </marc:datafield>
    </marc:record>