
    <marc:record>
        <marc:leader>01661nam a2200277 a 4500</marc:leader>
        <marc:controlfield tag="001">01-1045889</marc:controlfield>
        <marc:controlfield tag="005">20060309075100.0</marc:controlfield>
        <marc:controlfield tag="008">060131s2005    fr     j            fre  </marc:controlfield>
        <marc:datafield ind1=" " ind2=" " tag="020">
            <marc:subfield code="a">2070572935 (br.)</marc:subfield>
        </marc:datafield>
        <marc:datafield ind1=" " ind2=" " tag="035">
            <marc:subfield code="a">A601914</marc:subfield>
        </marc:datafield>
        <marc:datafield ind1=" " ind2=" " tag="040">
            <marc:subfield code="a">CaQMECB</marc:subfield>
            <marc:subfield code="b">fre</marc:subfield>
            <marc:subfield code="d">QMBM</marc:subfield>
        </marc:datafield>
        <marc:datafield ind1="1" ind2=" " tag="100">
            <marc:subfield code="a">Frantz, Jennifer</marc:subfield>
            <marc:subfield code="d">1976-</marc:subfield>
            <marc:subfield code="e">forfatter</marc:subfield>
            <marc:subfield code="4">aut</marc:subfield>
            <marc:subfield code="0">29812754</marc:subfield>
            <marc:subfield code="1">http://viaf.org/viaf/29812754</marc:subfield>
        </marc:datafield>
        <marc:datafield ind1="1" ind2="0" tag="240">
            <marc:subfield code="a">Welcome to Narnia</marc:subfield>
            <marc:subfield code="l">Fransk</marc:subfield>
            <marc:subfield code="0">671127448</marc:subfield>
            <marc:subfield code="1">http://www.worldcat.org/oclc/671127448</marc:subfield>
        </marc:datafield>
        <marc:datafield ind1="1" ind2="0" tag="245">
            <marc:subfield code="a">Bienvenue à Narnia :</marc:subfield>
            <marc:subfield code="b">adapté par Jennifer Frantz ; d'après le scénario d'Ann Peacock ... [et al.] ; d'après le livre de C. S. Lewis ; dirigé par Andrew Adamson ; [traduit de l'anglais par Carine Perreur].</marc:subfield>
        </marc:datafield>
        <marc:datafield ind1="0" ind2=" " tag="246">
            <marc:subfield code="i">En tête du titre:</marc:subfield>
            <marc:subfield code="a">Monde de Narnia.</marc:subfield>
            <marc:subfield code="n">Chapitre 1,</marc:subfield>
            <marc:subfield code="p">Le lion, la sorcière blanche et l'armoire magique.</marc:subfield>
        </marc:datafield>
        <marc:datafield ind1="0" ind2="8" tag="246">
            <marc:subfield code="a">Lion, la sorcière blanche et l'armoire magique.</marc:subfield>
            <marc:subfield code="b">Bienvenue à Narnia.</marc:subfield>
        </marc:datafield>
        <marc:datafield ind1=" " ind2=" " tag="260">
            <marc:subfield code="a">[Paris] :</marc:subfield>
            <marc:subfield code="b">Gallimard jeunesse,</marc:subfield>
            <marc:subfield code="c">2005.</marc:subfield>
        </marc:datafield>
        <marc:datafield ind1=" " ind2=" " tag="300">
            <marc:subfield code="a">32 s. ;</marc:subfield>
            <marc:subfield code="b">ill. kol. ;</marc:subfield>
            <marc:subfield code="c">23 cm.</marc:subfield>
        </marc:datafield>
        <marc:datafield ind1=" " ind2=" " tag="336">
            <marc:subfield code="a">text</marc:subfield>
            <marc:subfield code="b">txt</marc:subfield>
            <marc:subfield code="0">http://rdaregistry.info/termList/RDAContentType/1020</marc:subfield>
            <marc:subfield code="2">rdacontent</marc:subfield>
        </marc:datafield>
        <marc:datafield ind1=" " ind2=" " tag="337">
            <marc:subfield code="a">unmediated</marc:subfield>
            <marc:subfield code="0">http://rdaregistry.info/termList/RDAMediaType/1007</marc:subfield>
            <marc:subfield code="2">rdacontent</marc:subfield>
        </marc:datafield>
        <marc:datafield ind1=" " ind2=" " tag="338">
            <marc:subfield code="a">volume</marc:subfield>
            <marc:subfield code="0">http://rdaregistry.info/termList/RDACarrierType/1049</marc:subfield>
            <marc:subfield code="2">rdacontent</marc:subfield>
        </marc:datafield>
        <marc:datafield ind1=" " ind2=" " tag="380">
            <marc:subfield code="a">romaner</marc:subfield>
            <marc:subfield code="2">humord</marc:subfield>
        </marc:datafield>
        <marc:datafield ind1=" " ind2="0" tag="440">
            <marc:subfield code="a">Narnia.</marc:subfield>
        </marc:datafield>
        <marc:datafield ind1="8" ind2=" " tag="520">
            <marc:subfield code="a">Très courte adaptation du deuxième tome des ##Chroniques de Narnia## narrant les aventures de quatre enfants qui accèdent, par le fond d'une vieille armoire, à un monde imaginaire, parallèle au nôtre, en compagnie d'un puissant lion énigmatique et dans lequel la sorcière blanche étend son hégémonie et veut neutraliser ces intrus. -- Un univers féerique, réduit à une simplification extrême de la trame, duquel a été tiré le film éponyme dont certaines scènes illustrent la plaquette. [SDM]</marc:subfield>
        </marc:datafield>
        <marc:datafield ind1=" " ind2=" " tag="534">
            <marc:subfield code="t">Welcome to Narnia.</marc:subfield>
        </marc:datafield>
        <marc:datafield ind1=" " ind2="4" tag="650">
            <marc:subfield code="a">Fantasy</marc:subfield>
            <marc:subfield code="v">Skjønnlitteratur</marc:subfield>
        </marc:datafield>
        <marc:datafield ind1="1" ind2=" " tag="700">
            <marc:subfield code="a">Peacock, Ann</marc:subfield>
            <marc:subfield code="d">1945-</marc:subfield>
            <marc:subfield code="e">manusforfatter</marc:subfield>
            <marc:subfield code="4">aus</marc:subfield>
            <marc:subfield code="1">https://www.imdb.com/name/nm0668754/</marc:subfield>
        </marc:datafield>
        <marc:datafield ind1="1" ind2=" " tag="700">
            <marc:subfield code="a">Adamson, Andrew</marc:subfield>
            <marc:subfield code="d">1966-</marc:subfield>
            <marc:subfield code="e">produsent</marc:subfield>
            <marc:subfield code="4">pro</marc:subfield>
            <marc:subfield code="1">https://www.imdb.com/name/nm0011470/</marc:subfield>
        </marc:datafield>
        <marc:datafield ind1="1" ind2=" " tag="700">
            <marc:subfield code="a">Lewis, C.S.</marc:subfield>
            <marc:subfield code="q">(Clive Staples)</marc:subfield>
            <marc:subfield code="d">1898-1963</marc:subfield>
            <marc:subfield code="t">Chroniques de Narnia.</marc:subfield>
            <marc:subfield code="0">306402015</marc:subfield>
            <marc:subfield code="1">http://viaf.org/viaf/306402015</marc:subfield>
        </marc:datafield>
        <marc:datafield ind1="1" ind2=" " tag="700">
            <marc:subfield code="a">Lewis, C.S.</marc:subfield>
            <marc:subfield code="q">(Clive Staples)</marc:subfield>
            <marc:subfield code="d">1898-1963</marc:subfield>
            <marc:subfield code="e">forfatter</marc:subfield>
            <marc:subfield code="e">idéskaper</marc:subfield>
            <marc:subfield code="4">aut</marc:subfield>
            <marc:subfield code="4">ccp</marc:subfield>
            <marc:subfield code="0">22144877</marc:subfield>
            <marc:subfield code="1">http://viaf.org/viaf/22144877</marc:subfield>
        </marc:datafield>
        <marc:datafield ind1="0" ind2=" " tag="730">
            <marc:subfield code="a">Chronicles of Narnia.</marc:subfield>
            <marc:subfield code="p">The lion, the witch and wardrobe (Film)</marc:subfield>
        </marc:datafield>
    </marc:record>