
    <marc:record>
        <marc:leader>01350nam a2200313 a 4500</marc:leader>
        <marc:controlfield tag="001">01-1040201</marc:controlfield>
        <marc:controlfield tag="005">20060222090732.0</marc:controlfield>
        <marc:controlfield tag="008">051207s2005    xxu    j          0 eng  </marc:controlfield>
        <marc:datafield ind1=" " ind2=" " tag="020">
            <marc:subfield code="a">0060765534 (br.)</marc:subfield>
        </marc:datafield>
        <marc:datafield ind1=" " ind2=" " tag="020">
            <marc:subfield code="a">9780060765538</marc:subfield>
        </marc:datafield>
        <marc:datafield ind1=" " ind2=" " tag="035">
            <marc:subfield code="a">A531249</marc:subfield>
        </marc:datafield>
        <marc:datafield ind1=" " ind2=" " tag="040">
            <marc:subfield code="a">CaQMECB</marc:subfield>
            <marc:subfield code="b">fre</marc:subfield>
            <marc:subfield code="d">QMBM</marc:subfield>
        </marc:datafield>
        <marc:datafield ind1="1" ind2=" " tag="100">
            <marc:subfield code="a">Kirk, E. J.</marc:subfield>
            <marc:subfield code="q">(Elizabeth J.)</marc:subfield>
            <marc:subfield code="e">forfatter</marc:subfield>
            <marc:subfield code="4">aut</marc:subfield>
            <marc:subfield code="0">161908679</marc:subfield>
            <marc:subfield code="1">http://viaf.org/viaf/161908679</marc:subfield>
        </marc:datafield>
        <marc:datafield ind1="1" ind2="4" tag="240">
            <marc:subfield code="a">The chronicles of Narnia : beyond the wardrobe : the official guide to Narnia</marc:subfield>
            <marc:subfield code="l">Engelsk</marc:subfield>
            <marc:subfield code="0">986586162</marc:subfield>
            <marc:subfield code="1">http://www.worldcat.org/oclc/986586162</marc:subfield>
        </marc:datafield>
        <marc:datafield ind1="1" ind2="4" tag="245">
            <marc:subfield code="a">The chronicles of Narnia :</marc:subfield>
            <marc:subfield code="b">beyond the wardrobe : the official guide to Narnia /</marc:subfield>
            <marc:subfield code="c">by E. J. Kirk ; based on The chronicles of Narnia by C. S. Lewis.</marc:subfield>
        </marc:datafield>
        <marc:datafield ind1="3" ind2="0" tag="246">
            <marc:subfield code="a">Beyond the wardrobe : the official guide to Narnia.</marc:subfield>
        </marc:datafield>
        <marc:datafield ind1=" " ind2=" " tag="260">
            <marc:subfield code="a">New York :</marc:subfield>
            <marc:subfield code="b">HarperCollins Publishers,</marc:subfield>
            <marc:subfield code="c">2005.</marc:subfield>
        </marc:datafield>
        <marc:datafield ind1=" " ind2=" " tag="300">
            <marc:subfield code="a">127 s. ;</marc:subfield>
            <marc:subfield code="b">ill. (hovedsaklig kol.) ;</marc:subfield>
            <marc:subfield code="c">28 cm.</marc:subfield>
        </marc:datafield>
        <marc:datafield ind1=" " ind2=" " tag="336">
            <marc:subfield code="a">text</marc:subfield>
            <marc:subfield code="b">txt</marc:subfield>
            <marc:subfield code="0">http://rdaregistry.info/termList/RDAContentType/1020</marc:subfield>
            <marc:subfield code="2">rdacontent</marc:subfield>
        </marc:datafield>
        <marc:datafield ind1=" " ind2=" " tag="337">
            <marc:subfield code="a">unmediated</marc:subfield>
            <marc:subfield code="0">http://rdaregistry.info/termList/RDAMediaType/1007</marc:subfield>
            <marc:subfield code="2">rdacontent</marc:subfield>
        </marc:datafield>
        <marc:datafield ind1=" " ind2=" " tag="338">
            <marc:subfield code="a">volume</marc:subfield>
            <marc:subfield code="0">http://rdaregistry.info/termList/RDACarrierType/1049</marc:subfield>
            <marc:subfield code="2">rdacontent</marc:subfield>
        </marc:datafield>
        <marc:datafield ind1=" " ind2=" " tag="380">
            <marc:subfield code="a">romaner</marc:subfield>
            <marc:subfield code="2">humord</marc:subfield>
        </marc:datafield>
        <marc:datafield ind1=" " ind2="0" tag="440">
            <marc:subfield code="a">Narnia.</marc:subfield>
        </marc:datafield>
        <marc:datafield ind1="1" ind2="0" tag="600">
            <marc:subfield code="a">Lewis, C.S.</marc:subfield>
            <marc:subfield code="q">(Clive Staples),</marc:subfield>
            <marc:subfield code="d">1898-1963.</marc:subfield>
            <marc:subfield code="t">Chronicles of Narnia,</marc:subfield>
            <marc:subfield code="0">306402015 </marc:subfield>
            <marc:subfield code="1">http://viaf.org/viaf/306402015 </marc:subfield>
        </marc:datafield>
        <marc:datafield ind1=" " ind2="4" tag="650">
            <marc:subfield code="a">Fantasy</marc:subfield>
        </marc:datafield>
        <marc:datafield ind1=" " ind2="4" tag="650">
            <marc:subfield code="a">Magi</marc:subfield>
        </marc:datafield>
        <marc:datafield ind1=" " ind2="4" tag="650">
            <marc:subfield code="a">Narnia (fantasiverden)</marc:subfield>
        </marc:datafield>
        <marc:datafield ind1=" " ind2="4" tag="650">
            <marc:subfield code="a">Historier for barn, engelsk</marc:subfield>
            <marc:subfield code="x">Historie og kritikk</marc:subfield>
        </marc:datafield>
        <marc:datafield ind1="0" ind2=" " tag="730">
            <marc:subfield code="a">Chronicles of Narnia.</marc:subfield>
            <marc:subfield code="p">The lion, the witch and wardrobe (Film)</marc:subfield>
        </marc:datafield>
    </marc:record>