
    <marc:record>
        <marc:leader>01894ngm a2200433 a 4500</marc:leader>
        <marc:controlfield tag="001">be2008006563</marc:controlfield>
        <marc:controlfield tag="005">20080314085958.0</marc:controlfield>
        <marc:controlfield tag="007">vd cvaizq</marc:controlfield>
        <marc:controlfield tag="008">080314s2008    xxu480 g          vleng d</marc:controlfield>
        <marc:datafield ind1=" " ind2=" " tag="010">
            <marc:subfield code="a">be2008006563</marc:subfield>
        </marc:datafield>
        <marc:datafield ind1="1" ind2=" " tag="024">
            <marc:subfield code="a">014381492323</marc:subfield>
        </marc:datafield>
        <marc:datafield ind1="4" ind2="2" tag="028">
            <marc:subfield code="a">HVE4923DVD</marc:subfield>
            <marc:subfield code="b">Image Entertainment</marc:subfield>
        </marc:datafield>
        <marc:datafield ind1=" " ind2=" " tag="040">
            <marc:subfield code="a">NjBwBT</marc:subfield>
            <marc:subfield code="c">NjBwBT</marc:subfield>
            <marc:subfield code="d">QMBM</marc:subfield>
        </marc:datafield>
        <marc:datafield ind1="4" ind2=" " tag="130">
            <marc:subfield code="a">The Chronicles of Narnia,</marc:subfield>
            <marc:subfield code="0">884734065</marc:subfield>
            <marc:subfield code="1">http://www.worldcat.org/oclc/884734065</marc:subfield>
        </marc:datafield>
        <marc:datafield ind1="0" ind2="4" tag="245">
            <marc:subfield code="a">The chronicles of Narnia /</marc:subfield>
            <marc:subfield code="c">produced by Paul Stone ; screenplays by Alan Seymour.</marc:subfield>
        </marc:datafield>
        <marc:datafield ind1="3" ind2="0" tag="246">
            <marc:subfield code="a">Narnia.</marc:subfield>
        </marc:datafield>
        <marc:datafield ind1="1" ind2=" " tag="246">
            <marc:subfield code="i">Above title on container:</marc:subfield>
            <marc:subfield code="a">C.S. Lewis.</marc:subfield>
        </marc:datafield>
        <marc:datafield ind1=" " ind2=" " tag="250">
            <marc:subfield code="a">Remasteret utg.</marc:subfield>
        </marc:datafield>
        <marc:datafield ind1=" " ind2=" " tag="260">
            <marc:subfield code="a">Chatsworth, CA :</marc:subfield>
            <marc:subfield code="b">Image Entertainment,</marc:subfield>
            <marc:subfield code="c">c2008.</marc:subfield>
        </marc:datafield>
        <marc:datafield ind1=" " ind2=" " tag="300">
            <marc:subfield code="a">3 DVD (480 min.) :</marc:subfield>
            <marc:subfield code="b">lyd, kol. ;</marc:subfield>
            <marc:subfield code="c">4 3/4 in.</marc:subfield>
        </marc:datafield>
        <marc:datafield ind1=" " ind2=" " tag="336">
            <marc:subfield code="a">two-dimensional moving image</marc:subfield>
            <marc:subfield code="b">tdi</marc:subfield>
            <marc:subfield code="0">http://rdaregistry.info/termList/RDAContentType/1023</marc:subfield>
            <marc:subfield code="2">rdacontent</marc:subfield>
        </marc:datafield>
        <marc:datafield ind1=" " ind2=" " tag="337">
            <marc:subfield code="a">video</marc:subfield>
            <marc:subfield code="0">http://rdaregistry.info/termList/RDAMediaType/1008</marc:subfield>
            <marc:subfield code="2">rdacontent</marc:subfield>
        </marc:datafield>
        <marc:datafield ind1=" " ind2=" " tag="338">
            <marc:subfield code="a">videodisc</marc:subfield>
            <marc:subfield code="0">http://rdaregistry.info/termList/RDACarrierType/1060</marc:subfield>
            <marc:subfield code="2">rdacontent</marc:subfield>
        </marc:datafield>
        <marc:datafield ind1=" " ind2=" " tag="380">
            <marc:subfield code="a">fjernsynsserier</marc:subfield>
            <marc:subfield code="2">humord</marc:subfield>
        </marc:datafield>
        <marc:datafield ind1="0" ind2=" " tag="505">
            <marc:subfield code="a">The lion, the witch, and the wardrobe (1988) / directed by Marilyn Fox -- Prince Caspian and the voyage of the Dawn Treader (1989) ; The silver chair (1990) / directed by Alex Kirby.</marc:subfield>
        </marc:datafield>
        <marc:datafield ind1=" " ind2=" " tag="518">
            <marc:subfield code="a">Originally broadcast on British television 1988-1990.</marc:subfield>
        </marc:datafield>
        <marc:datafield ind1=" " ind2=" " tag="520">
            <marc:subfield code="a">After escaping the London blitz, the Pevensie siblings discover a magical world which tests their bravery and loyalty to each other.</marc:subfield>
        </marc:datafield>
        <marc:datafield ind1=" " ind2=" " tag="546">
            <marc:subfield code="a">English version only; closed-captioned.</marc:subfield>
        </marc:datafield>
        <marc:datafield ind1="1" ind2="0" tag="600">
            <marc:subfield code="a">Lewis, C.S.</marc:subfield>
            <marc:subfield code="q">(Clive Staples),</marc:subfield>
            <marc:subfield code="d">1898-1963</marc:subfield>
            <marc:subfield code="v">Film adaptations.</marc:subfield>
            <marc:subfield code="0">22144877</marc:subfield>
            <marc:subfield code="1">http://viaf.org/viaf/22144877</marc:subfield>
        </marc:datafield>
        <marc:datafield ind1=" " ind2="4" tag="650">
            <marc:subfield code="a">Brødre og søstre</marc:subfield>
        </marc:datafield>
        <marc:datafield ind1=" " ind2="4" tag="650">
            <marc:subfield code="a">Magi</marc:subfield>
        </marc:datafield>
        <marc:datafield ind1="1" ind2=" " tag="700">
            <marc:subfield code="a">Fox, Marilyn</marc:subfield>
            <marc:subfield code="e">produsent</marc:subfield>
            <marc:subfield code="4">pro</marc:subfield>
            <marc:subfield code="1">https://www.imdb.com/name/nm0289136/</marc:subfield>
        </marc:datafield>
        <marc:datafield ind1="1" ind2=" " tag="700">
            <marc:subfield code="a">Kirby, Alex</marc:subfield>
            <marc:subfield code="e">regissør</marc:subfield>
            <marc:subfield code="4">drt</marc:subfield>
            <marc:subfield code="1">https://www.imdb.com/name/nm0456110/</marc:subfield>
        </marc:datafield>
        <marc:datafield ind1="1" ind2=" " tag="700">
            <marc:subfield code="a">Scott, Jonathan R.</marc:subfield>
            <marc:subfield code="e">skuespiller</marc:subfield>
            <marc:subfield code="4">act</marc:subfield>
            <marc:subfield code="1">https://www.imdb.com/name/nm0779383/</marc:subfield>
        </marc:datafield>
        <marc:datafield ind1="1" ind2=" " tag="700">
            <marc:subfield code="a">Wilcox, Sophie,</marc:subfield>
            <marc:subfield code="d">1975-</marc:subfield>
            <marc:subfield code="e">skuespiller</marc:subfield>
            <marc:subfield code="4">act</marc:subfield>
            <marc:subfield code="1">https://www.imdb.com/name/nm0928281/</marc:subfield>
        </marc:datafield>
        <marc:datafield ind1="1" ind2=" " tag="700">
            <marc:subfield code="a">Cook, Sophie,</marc:subfield>
            <marc:subfield code="d">1974-</marc:subfield>
            <marc:subfield code="e">skuespiller</marc:subfield>
            <marc:subfield code="4">act</marc:subfield>
            <marc:subfield code="1">https://www.imdb.com/name/nm0177291/</marc:subfield>
        </marc:datafield>
        <marc:datafield ind1="1" ind2=" " tag="700">
            <marc:subfield code="a">Lewis, C.S.</marc:subfield>
            <marc:subfield code="q">(Clive Staples)</marc:subfield>
            <marc:subfield code="d">1898-1963</marc:subfield>
            <marc:subfield code="e">forfatter</marc:subfield>
            <marc:subfield code="e">idéskaper</marc:subfield>
            <marc:subfield code="4">aut</marc:subfield>
            <marc:subfield code="4">ccp</marc:subfield>
            <marc:subfield code="0">22144877</marc:subfield>
            <marc:subfield code="1">http://viaf.org/viaf/22144877</marc:subfield>
        </marc:datafield>
        <marc:datafield ind1="1" ind2=" " tag="700">
            <marc:subfield code="a">Lewis, C.S.</marc:subfield>
            <marc:subfield code="d">1898-1963</marc:subfield>
            <marc:subfield code="i">is adapted as television program work</marc:subfield>
            <marc:subfield code="t">The chronicles of Narnia</marc:subfield>
            <marc:subfield code="1">https://www.wikidata.org/wiki/Q483412</marc:subfield>
            <marc:subfield code="4">http://rdaregistry.info/Elements/w/adaptedAsTelevisionProgramWork.en</marc:subfield>
        </marc:datafield>
        <marc:datafield ind1="0" ind2="2" tag="730">
            <marc:subfield code="a">Lion, the witch and the wardrobe (Television program : 1988)</marc:subfield>
        </marc:datafield>
        <marc:datafield ind1="0" ind2="2" tag="730">
            <marc:subfield code="a">Prince Caspian and the voyage of the Dawn Treader (Television program)</marc:subfield>
        </marc:datafield>
        <marc:datafield ind1="0" ind2="2" tag="730">
            <marc:subfield code="a">Silver chair (Television program)</marc:subfield>
        </marc:datafield>
        <marc:datafield ind1="0" ind2="2" tag="740">
            <marc:subfield code="a">Voyage of the Dawn Treader.</marc:subfield>
        </marc:datafield>
    </marc:record>