
    <marc:record>
        <marc:leader>01270ncm a2200289 a 4500</marc:leader>
        <marc:controlfield tag="005">20071029134529.0</marc:controlfield>
        <marc:controlfield tag="008">060419s2005    xxump               eng d</marc:controlfield>
        <marc:datafield ind1=" " ind2=" " tag="020">
            <marc:subfield code="a">1423409450 (h.)</marc:subfield>
        </marc:datafield>
        <marc:datafield ind1="1" ind2=" " tag="024">
            <marc:subfield code="a">9781423409458</marc:subfield>
        </marc:datafield>
        <marc:datafield ind1="3" ind2="2" tag="028">
            <marc:subfield code="a">HL00313316</marc:subfield>
            <marc:subfield code="b">H. Leonard</marc:subfield>
        </marc:datafield>
        <marc:datafield ind1=" " ind2=" " tag="040">
            <marc:subfield code="a">DMM</marc:subfield>
            <marc:subfield code="c">DMM</marc:subfield>
            <marc:subfield code="d">BAKER</marc:subfield>
            <marc:subfield code="d">Uk</marc:subfield>
            <marc:subfield code="d">QMBM</marc:subfield>
        </marc:datafield>
        <marc:datafield ind1="1" ind2=" " tag="100">
            <marc:subfield code="a">Gregson-Williams, Harry</marc:subfield>
            <marc:subfield code="d">1961-</marc:subfield>
            <marc:subfield code="e">komponist</marc:subfield>
            <marc:subfield code="4">cmp</marc:subfield>
            <marc:subfield code="0">https://www.imdb.com/name/nm0004581/</marc:subfield>
        </marc:datafield>
        <marc:datafield ind1="1" ind2="4" tag="240">
            <marc:subfield code="a">The chronicles of Narnia: the lion, the witch and the wardrobe</marc:subfield>
            <marc:subfield code="1">https://musicbrainz.org/release/291186ec-5f25-3e53-9f56-31bbf0888df9</marc:subfield>
        </marc:datafield>
        <marc:datafield ind1="1" ind2="4" tag="245">
            <marc:subfield code="a">The chronicles of Narnia :</marc:subfield>
            <marc:subfield code="b">the lion, the witch and the wardrobe /</marc:subfield>
            <marc:subfield code="c">music composed by Harry Gregson-Williams.</marc:subfield>
        </marc:datafield>
        <marc:datafield ind1="3" ind2="0" tag="246">
            <marc:subfield code="a">Narnia, the lion, the witch and the wardrobe</marc:subfield>
            <marc:subfield code="h">[music]</marc:subfield>
        </marc:datafield>
        <marc:datafield ind1="3" ind2="0" tag="246">
            <marc:subfield code="a">Lion, the witch and the wardrobe</marc:subfield>
            <marc:subfield code="h">[music]</marc:subfield>
        </marc:datafield>
        <marc:datafield ind1="1" ind2=" " tag="246">
            <marc:subfield code="i">At head of title:</marc:subfield>
            <marc:subfield code="a">Walt Disney Pictures and Walden Media present.</marc:subfield>
        </marc:datafield>
        <marc:datafield ind1=" " ind2=" " tag="260">
            <marc:subfield code="a">Milwaukee, Wis. :</marc:subfield>
            <marc:subfield code="b">H. Leonard</marc:subfield>
            <marc:subfield code="c">c2005.</marc:subfield>
        </marc:datafield>
        <marc:datafield ind1=" " ind2=" " tag="300">
            <marc:subfield code="a">1 score (40 s.) ;</marc:subfield>
            <marc:subfield code="b">ill. kol. ;</marc:subfield>
            <marc:subfield code="c">31 cm.</marc:subfield>
        </marc:datafield>
        <marc:datafield ind1=" " ind2=" " tag="336">
            <marc:subfield code="a">notated music</marc:subfield>
            <marc:subfield code="b">ntm</marc:subfield>
            <marc:subfield code="0">http://rdaregistry.info/termList/RDAContentType/1010</marc:subfield>
            <marc:subfield code="2">rdacontent</marc:subfield>
        </marc:datafield>
        <marc:datafield ind1=" " ind2=" " tag="337">
            <marc:subfield code="a">unmediated</marc:subfield>
            <marc:subfield code="0">http://rdaregistry.info/termList/RDAMediaType/1007</marc:subfield>
            <marc:subfield code="2">rdacontent</marc:subfield>
        </marc:datafield>
        <marc:datafield ind1=" " ind2=" " tag="338">
            <marc:subfield code="a">volume</marc:subfield>
            <marc:subfield code="0">http://rdaregistry.info/termList/RDACarrierType/1049</marc:subfield>
            <marc:subfield code="2">rdacontent</marc:subfield>
        </marc:datafield>
        <marc:datafield ind1=" " ind2=" " tag="380">
            <marc:subfield code="a">musikknotasjon</marc:subfield>
            <marc:subfield code="2">humord</marc:subfield>
        </marc:datafield>
        <marc:datafield ind1="0" ind2=" " tag="505">
            <marc:subfield code="a">Evacuating London -- Lucy meets Mr. Tumnus -- Narnia lullaby -- Father Christmas -- Can't take it in -- Wunderkind -- Winter light -- Where.</marc:subfield>
        </marc:datafield>
        <marc:datafield ind1=" " ind2="4" tag="650">
            <marc:subfield code="a">Filmmusikk</marc:subfield>
            <marc:subfield code="v">Utdrag</marc:subfield>
        </marc:datafield>
        <marc:datafield ind1=" " ind2="4" tag="650">
            <marc:subfield code="a">Pianomusikk, bearbeidet</marc:subfield>
        </marc:datafield>
        <marc:datafield ind1="1" ind2=" " tag="700">
            <marc:subfield code="a">Lewis, C.S.</marc:subfield>
            <marc:subfield code="q">(Clive Staples)</marc:subfield>
            <marc:subfield code="d">1898-1963</marc:subfield>
            <marc:subfield code="e">idéskaper</marc:subfield>
            <marc:subfield code="4">ccp</marc:subfield>
            <marc:subfield code="0">22144877</marc:subfield>
            <marc:subfield code="1">http://viaf.org/viaf/22144877</marc:subfield>
        </marc:datafield>
        <marc:datafield ind1="2" ind2=" " tag="710">
            <marc:subfield code="a">Walt Disney Company.</marc:subfield>
        </marc:datafield>
        <marc:datafield ind1="2" ind2=" " tag="710">
            <marc:subfield code="a">Walden Media.</marc:subfield>
        </marc:datafield>
        <marc:datafield ind1="0" ind2=" " tag="730">
            <marc:subfield code="a">Chronicles of Narnia, the lion, the witch and the wardrobe (Motion picture)</marc:subfield>
        </marc:datafield>
    </marc:record>