
    <marc:record>
        <marc:leader>01195nam a2200241 a 4500</marc:leader>
        <marc:controlfield tag="001">04-0554568</marc:controlfield>
        <marc:controlfield tag="005">20080512093240.0</marc:controlfield>
        <marc:controlfield tag="008">080505s2008    fr     j          f fre  </marc:controlfield>
        <marc:datafield ind1=" " ind2=" " tag="020">
            <marc:subfield code="a">9782070619023 (br.)</marc:subfield>
        </marc:datafield>
        <marc:datafield ind1=" " ind2=" " tag="035">
            <marc:subfield code="a">A814251</marc:subfield>
        </marc:datafield>
        <marc:datafield ind1=" " ind2=" " tag="040">
            <marc:subfield code="a">SDM</marc:subfield>
            <marc:subfield code="b">fre</marc:subfield>
            <marc:subfield code="d">QMBM</marc:subfield>
        </marc:datafield>
        <marc:datafield ind1="1" ind2=" " tag="100">
            <marc:subfield code="a">Lewis, C.S.</marc:subfield>
            <marc:subfield code="q">(Clive Staples),</marc:subfield>
            <marc:subfield code="d">1898-1963.</marc:subfield>
            <marc:subfield code="e">forfatter</marc:subfield>
            <marc:subfield code="4">aut</marc:subfield>
            <marc:subfield code="0">22144877</marc:subfield>
            <marc:subfield code="1">http://viaf.org/viaf/22144877</marc:subfield>
        </marc:datafield>
        <marc:datafield ind1="1" ind2="4" tag="240">
            <marc:subfield code="a">The horse and his boy</marc:subfield>
            <marc:subfield code="l">Fransk</marc:subfield>
            <marc:subfield code="0">Q157360</marc:subfield>
            <marc:subfield code="1">https://www.wikidata.org/wiki/Q157360</marc:subfield>
        </marc:datafield>
        <marc:datafield ind1="1" ind2="3" tag="245">
            <marc:subfield code="a">Le cheval et son écuyer /</marc:subfield>
            <marc:subfield code="c">C. S. Lewis ; illustrations de Pauline Baynes ; traduit de l'anglais par Philippe Morgaut.</marc:subfield>
        </marc:datafield>
        <marc:datafield ind1="1" ind2="4" tag="246">
            <marc:subfield code="a">Monde de Narnia.</marc:subfield>
            <marc:subfield code="n">3,</marc:subfield>
            <marc:subfield code="p">Le cheval et son écuyer.</marc:subfield>
        </marc:datafield>
        <marc:datafield ind1=" " ind2=" " tag="260">
            <marc:subfield code="a">[Paris] :</marc:subfield>
            <marc:subfield code="b">Gallimard jeunesse,</marc:subfield>
            <marc:subfield code="c">2008.</marc:subfield>
        </marc:datafield>
        <marc:datafield ind1=" " ind2=" " tag="300">
            <marc:subfield code="a">232 s. ;</marc:subfield>
            <marc:subfield code="b">ill. kol. ;</marc:subfield>
            <marc:subfield code="c">18 cm.</marc:subfield>
        </marc:datafield>
        <marc:datafield ind1=" " ind2=" " tag="336">
            <marc:subfield code="a">text</marc:subfield>
            <marc:subfield code="b">txt</marc:subfield>
            <marc:subfield code="0">http://rdaregistry.info/termList/RDAContentType/1020</marc:subfield>
            <marc:subfield code="2">rdacontent</marc:subfield>
        </marc:datafield>
        <marc:datafield ind1=" " ind2=" " tag="337">
            <marc:subfield code="a">unmediated</marc:subfield>
            <marc:subfield code="0">http://rdaregistry.info/termList/RDAMediaType/1007</marc:subfield>
            <marc:subfield code="2">rdacontent</marc:subfield>
        </marc:datafield>
        <marc:datafield ind1=" " ind2=" " tag="338">
            <marc:subfield code="a">volume</marc:subfield>
            <marc:subfield code="0">http://rdaregistry.info/termList/RDACarrierType/1049</marc:subfield>
            <marc:subfield code="2">rdacontent</marc:subfield>
        </marc:datafield>
        <marc:datafield ind1=" " ind2=" " tag="380">
            <marc:subfield code="a">romaner</marc:subfield>
            <marc:subfield code="2">humord</marc:subfield>
        </marc:datafield>
        <marc:datafield ind1=" " ind2="0" tag="440">
            <marc:subfield code="a">Folio junior ;</marc:subfield>
            <marc:subfield code="v">1152.</marc:subfield>
        </marc:datafield>
        <marc:datafield ind1="8" ind2=" " tag="520">
            <marc:subfield code="a">Réédition. Shasta fuit Calormen en compagnie de Bree (Breehy-hinny-brinny-hoohy-ha), un cheval doté de la parole. L'animal a été kidnappé, il vient de Narnia où il compte retourner avec Shasta. En route, une jeune fille, Aravis, se joint à eux. Un système entoure l'identité de Shasta. -- Un classique qui a connu de nombreuses réimpressions. [SDM]</marc:subfield>
        </marc:datafield>
        <marc:datafield ind1=" " ind2=" " tag="534">
            <marc:subfield code="t">Horse and his boy.</marc:subfield>
        </marc:datafield>
        <marc:datafield ind1="1" ind2=" " tag="700">
            <marc:subfield code="a">Baynes, Pauline,</marc:subfield>
            <marc:subfield code="d">1922-2008</marc:subfield>
            <marc:subfield code="e">illustratør</marc:subfield>
            <marc:subfield code="4">ill</marc:subfield>
            <marc:subfield code="0">101872923</marc:subfield>
            <marc:subfield code="1">http://viaf.org/viaf/101872923</marc:subfield>
        </marc:datafield>
        <marc:datafield ind1="1" ind2=" " tag="775">
            <marc:subfield code="a">Chroniques de Narnia. 3, Le cheval et son écuyer.</marc:subfield>
        </marc:datafield>
    </marc:record>