
    <marc:record>
        <!--Kva skal eg gjera med denne? Inneheld fleire verk. Legg ein då lenkane til dei forskjellege verka i 740, der dei er ramsa opp????????????????-->
        <marc:leader>01463nam a2200373 a 4500</marc:leader>
        <marc:controlfield tag="005">20060419      .0</marc:controlfield>
        <marc:controlfield tag="008">010531t20001983xxu                 eng d</marc:controlfield>
        <marc:datafield ind1=" " ind2=" " tag="020">
            <marc:subfield code="a">0064409430 (Bok 1)</marc:subfield>
        </marc:datafield>
        <marc:datafield ind1=" " ind2=" " tag="020">
            <marc:subfield code="a">0064409422 (Bok 2)</marc:subfield>
        </marc:datafield>
        <marc:datafield ind1=" " ind2=" " tag="020">
            <marc:subfield code="a">0064409406 (Bok 3)</marc:subfield>
        </marc:datafield>
        <marc:datafield ind1=" " ind2=" " tag="020">
            <marc:subfield code="a">0064409449 (Bok 4)</marc:subfield>
        </marc:datafield>
        <marc:datafield ind1=" " ind2=" " tag="020">
            <marc:subfield code="a">0064409465 (Boo 5)</marc:subfield>
        </marc:datafield>
        <marc:datafield ind1=" " ind2=" " tag="020">
            <marc:subfield code="a">0064409457 (Bok 6)</marc:subfield>
        </marc:datafield>
        <marc:datafield ind1=" " ind2=" " tag="020">
            <marc:subfield code="a">0064409414 (Bok 7)</marc:subfield>
        </marc:datafield>
        <marc:datafield ind1=" " ind2=" " tag="040">
            <marc:subfield code="a">CaSSU</marc:subfield>
            <marc:subfield code="b">eng</marc:subfield>
            <marc:subfield code="c">CaSSU</marc:subfield>
            <marc:subfield code="d">OCLCQ</marc:subfield>
            <marc:subfield code="d">QMBM</marc:subfield>
        </marc:datafield>
        <marc:datafield ind1="1" ind2=" " tag="100">
            <marc:subfield code="a">Lewis, C.S.</marc:subfield>
            <marc:subfield code="q">(Clive Staples),</marc:subfield>
            <marc:subfield code="d">1898-1963.</marc:subfield>
            <marc:subfield code="e">forfatter</marc:subfield>
            <marc:subfield code="4">aut</marc:subfield>
            <marc:subfield code="0">22144877</marc:subfield>
            <marc:subfield code="1">http://viaf.org/viaf/22144877</marc:subfield>
        </marc:datafield>
        <marc:datafield ind1="1" ind2="0" tag="240">
            <marc:subfield code="a">The chronicles of Narnia</marc:subfield>
            <marc:subfield code="l">Engelsk</marc:subfield>
            <marc:subfield code="0">Q483412</marc:subfield>
            <marc:subfield code="1">https://www.wikidata.org/wiki/Q483412</marc:subfield>
        </marc:datafield>
        <marc:datafield ind1="1" ind2="4" tag="245">
            <marc:subfield code="a">The chronicles of Narnia /</marc:subfield>
            <marc:subfield code="c">C.S. Lewis ; illustrated by Pauline Baynes.</marc:subfield>
        </marc:datafield>
        <marc:datafield ind1=" " ind2=" " tag="250">
            <marc:subfield code="a">1. Harper Trophy utg.</marc:subfield>
        </marc:datafield>
        <marc:datafield ind1=" " ind2=" " tag="260">
            <marc:subfield code="a">New York :</marc:subfield>
            <marc:subfield code="b">Harper Trophy,</marc:subfield>
            <marc:subfield code="c">2000, c1983.</marc:subfield>
        </marc:datafield>
        <marc:datafield ind1=" " ind2=" " tag="300">
            <marc:subfield code="a">7 v. ;</marc:subfield>
            <marc:subfield code="b">ill. ;</marc:subfield>
            <marc:subfield code="c">20 cm.</marc:subfield>
        </marc:datafield>
        <marc:datafield ind1=" " ind2=" " tag="336">
            <marc:subfield code="a">text</marc:subfield>
            <marc:subfield code="b">txt</marc:subfield>
            <marc:subfield code="0">http://rdaregistry.info/termList/RDAContentType/1020</marc:subfield>
            <marc:subfield code="2">rdacontent</marc:subfield>
        </marc:datafield>
        <marc:datafield ind1=" " ind2=" " tag="337">
            <marc:subfield code="a">unmediated</marc:subfield>
            <marc:subfield code="0">http://rdaregistry.info/termList/RDAMediaType/1007</marc:subfield>
            <marc:subfield code="2">rdacontent</marc:subfield>
        </marc:datafield>
        <marc:datafield ind1=" " ind2=" " tag="338">
            <marc:subfield code="a">volume</marc:subfield>
            <marc:subfield code="0">http://rdaregistry.info/termList/RDACarrierType/1049</marc:subfield>
            <marc:subfield code="2">rdacontent</marc:subfield>
        </marc:datafield>
        <marc:datafield ind1=" " ind2=" " tag="380">
            <marc:subfield code="a">romaner</marc:subfield>
            <marc:subfield code="2">humord</marc:subfield>
        </marc:datafield>
        <marc:datafield ind1="0" ind2=" " tag="505">
            <marc:subfield code="a">Book 1. The magician's nephew -- Book 2. The lion, the witch and the wardrobe -- Book 3. The horse and his boy -- Book 4. Prince Caspian -- Book 5. The voyage of the Dawn Treader --  Book 6. The silver chair -- Book 7. The last battle.</marc:subfield>
        </marc:datafield>
        <marc:datafield ind1=" " ind2="4" tag="650">
            <marc:subfield code="a">Fantasy</marc:subfield>
        </marc:datafield>
        <marc:datafield ind1=" " ind2="4" tag="650">
            <marc:subfield code="a">Narnia (fantasiverden)</marc:subfield>
            <marc:subfield code="v">Ungdomslitteratur</marc:subfield>
        </marc:datafield>
        <marc:datafield ind1="0" ind2=" " tag="700">
            <marc:subfield code="a">Baynes, Pauline,</marc:subfield>
            <marc:subfield code="d">1922-2008</marc:subfield>
            <marc:subfield code="e">illustratør</marc:subfield>
            <marc:subfield code="4">ill</marc:subfield>
            <marc:subfield code="0">101872923</marc:subfield>
            <marc:subfield code="1">http://viaf.org/viaf/101872923</marc:subfield>
        </marc:datafield>
        <marc:datafield ind1="0" ind2=" " tag="740">
            <marc:subfield code="a">Magician's nephew.</marc:subfield>
        </marc:datafield>
        <marc:datafield ind1="0" ind2=" " tag="740">
            <marc:subfield code="a">Prince Caspian.</marc:subfield>
        </marc:datafield>
        <marc:datafield ind1="2" ind2=" " tag="740">
            <marc:subfield code="a">Lion, the witch and the wardrobe.</marc:subfield>
        </marc:datafield>
        <marc:datafield ind1="2" ind2=" " tag="740">
            <marc:subfield code="a">Horse and his boy.</marc:subfield>
        </marc:datafield>
        <marc:datafield ind1="2" ind2=" " tag="740">
            <marc:subfield code="a">Voyage of the Dawn Treader.</marc:subfield>
        </marc:datafield>
        <marc:datafield ind1="2" ind2=" " tag="740">
            <marc:subfield code="a">Silver chair.</marc:subfield>
        </marc:datafield>
        <marc:datafield ind1="2" ind2=" " tag="740">
            <marc:subfield code="a">Last battle.</marc:subfield>
        </marc:datafield>
    </marc:record>