
    <marc:record>
        <marc:leader>03216nam a2200349 a 4500</marc:leader>
        <marc:controlfield tag="001">sqtd3253883</marc:controlfield>
        <marc:controlfield tag="003">SQTD</marc:controlfield>
        <marc:controlfield tag="005">20181212225957.0</marc:controlfield>
        <marc:controlfield tag="007">ta</marc:controlfield>
        <marc:controlfield tag="008">181119t20182018fr ||||       000|0 fre  </marc:controlfield>
        <marc:datafield ind1=" " ind2=" " tag="020">
            <marc:subfield code="a">9782075110709 (heftet)</marc:subfield>
        </marc:datafield>
        <marc:datafield ind1=" " ind2=" " tag="035">
            <marc:subfield code="a">(SQTD)3253883</marc:subfield>
        </marc:datafield>
        <marc:datafield ind1=" " ind2=" " tag="035">
            <marc:subfield code="a">(SDM)B827969</marc:subfield>
        </marc:datafield>
        <marc:datafield ind1=" " ind2=" " tag="040">
            <marc:subfield code="a">SDM</marc:subfield>
            <marc:subfield code="b">fre</marc:subfield>
            <marc:subfield code="e">rda</marc:subfield>
            <marc:subfield code="d">SQTD</marc:subfield>
            <marc:subfield code="d">QMBM</marc:subfield>
        </marc:datafield>
        <marc:datafield ind1="1" ind2=" " tag="041">
            <marc:subfield code="a">fre</marc:subfield>
            <marc:subfield code="h">eng</marc:subfield>
        </marc:datafield>
        <marc:datafield ind1="1" ind2=" " tag="100">
            <marc:subfield code="a">Rowling, J.K.</marc:subfield>
            <marc:subfield code="q">(Joanne Kathleen)</marc:subfield>
            <marc:subfield code="d">1965-</marc:subfield>
            <marc:subfield code="e">forfatter</marc:subfield>
            <marc:subfield code="4">aut</marc:subfield>
            <marc:subfield code="0">116796842</marc:subfield>
            <marc:subfield code="1">http://viaf.org/viaf/116796842</marc:subfield>
        </marc:datafield>
        <marc:datafield ind1="1" ind2="0" tag="240">
            <marc:subfield code="a">Fantastic beasts : the crimes of Grindelwald.</marc:subfield>
            <marc:subfield code="l">Fransk</marc:subfield>
            <marc:subfield code="0">1078666921</marc:subfield>
            <marc:subfield code="1">http://www.worldcat.org/oclc/1078666921</marc:subfield>
        </marc:datafield>
        <marc:datafield ind1="1" ind2="4" tag="245">
            <marc:subfield code="a">Les animaux fantastiques : les crimes de Grindelwald :</marc:subfield>
            <marc:subfield code="b">le texte du film /</marc:subfield>
            <marc:subfield code="c">J.K. Rowling ; couverture et design intérieur par Minalima ; indications scéniques traduites de l'anglais par Jean-François Ménard ; dialogues établis à partir du doublage traduit par Linda Bruno et du sous-titrage traduit par Juliette Garon de la version française du film de Warner Bros.</marc:subfield>
        </marc:datafield>
        <marc:datafield ind1="3" ind2="0" tag="246">
            <marc:subfield code="a">Crimes de Grindelwald.</marc:subfield>
        </marc:datafield>
        <marc:datafield ind1=" " ind2="1" tag="264">
            <marc:subfield code="a">[Paris] :</marc:subfield>
            <marc:subfield code="b">Gallimard,</marc:subfield>
            <marc:subfield code="c">[2018]</marc:subfield>
        </marc:datafield>
        <marc:datafield ind1=" " ind2="4" tag="264">
            <marc:subfield code="c">©2018.</marc:subfield>
        </marc:datafield>
        <marc:datafield ind1=" " ind2=" " tag="300">
            <marc:subfield code="a">309 s. ;</marc:subfield>
            <marc:subfield code="b">ill. ;</marc:subfield>
            <marc:subfield code="c">23 cm.</marc:subfield>
        </marc:datafield>
        <marc:datafield ind1=" " ind2=" " tag="336">
            <marc:subfield code="a">text</marc:subfield>
            <marc:subfield code="b">txt</marc:subfield>
            <marc:subfield code="0">http://rdaregistry.info/termList/RDAContentType/1020</marc:subfield>
            <marc:subfield code="2">rdacontent</marc:subfield>
        </marc:datafield>
        <marc:datafield ind1=" " ind2=" " tag="337">
            <marc:subfield code="a">unmediated</marc:subfield>
            <marc:subfield code="0">http://rdaregistry.info/termList/RDAMediaType/1007</marc:subfield>
            <marc:subfield code="2">rdacontent</marc:subfield>
        </marc:datafield>
        <marc:datafield ind1=" " ind2=" " tag="338">
            <marc:subfield code="a">volume</marc:subfield>
            <marc:subfield code="0">http://rdaregistry.info/termList/RDACarrierType/1049</marc:subfield>
            <marc:subfield code="2">rdacontent</marc:subfield>
        </marc:datafield>
        <marc:datafield ind1=" " ind2=" " tag="380">
            <marc:subfield code="a">filmmanus</marc:subfield>
            <marc:subfield code="2">humord</marc:subfield>
        </marc:datafield>
        <marc:datafield ind1="1" ind2=" " tag="490">
            <marc:subfield code="a">Les animaux fantastiques ;</marc:subfield>
            <marc:subfield code="v">2.</marc:subfield>
        </marc:datafield>
        <marc:datafield ind1="8" ind2=" " tag="520">
            <marc:subfield code="a">Texte intégral du deuxième film de la série ##Les animaux fantastiques##, écrite et produite par la créatrice de Harry Potter. 1927. Six mois après son arrestation par le Congrès magique des États-Unis (cf. opus précédent), le diabolique mage noir Gellert Grindelwald réussit à s'évader de prison et menace de faire éclater la paix qui règne sur le monde depuis un siècle en convainquant les Sang-Pur de s'allier à lui pour réduire les non-sorciers en esclavage. Le jeune Albus Dumbledore, professeur de défense contre les forces du Mal à Poudlard, informe son ancien élève, Norbert Dragonneau, qu'il n'y a qu'un seul moyen d'éviter la terrible guerre qui s'annonce: retrouver Croyance Bellebosse, un jeune homme tourmenté et en quête de sa véritable identité, qui pense faire partie de la famille Lestrange et dont Grindelwald compte exploiter la fragilité pour assouvir sa quête. Bien que sachant que sa désobéissance risque de le conduire à Azkaban, Norbert accepte de défier l'édit lui interdisant de quitter le Royaume-Uni afin de s'acquitter de sa mission. Mission qui le conduira jusqu'à Paris et lui permettra de retrouver ses grands amis, Tina, Queenie et Jacob. [SDM]</marc:subfield>
        </marc:datafield>
        <marc:datafield ind1="1" ind2=" " tag="520">
            <marc:subfield code="a">Une aventure épique qui permet d'approfondir l'univers de quelques personnages secondaires de la série à succès de J.K. Rowling et d'en découvrir des nouveaux. L'intégrale des dialogues est enrichie d'indications sur l'action, les descriptions des décors, le jeu des personnages et leurs émotions, etc. Un glossaire des termes cinématographiques précède le scénario, livré dans une mise en pages très aérée et enjolivée d'arabesques. Un document qui pourra servir d'introduction à l'écriture cinématographique. [SDM]</marc:subfield>
        </marc:datafield>
        <marc:datafield ind1="0" ind2="6" tag="630">
            <marc:subfield code="a">Fantastic beasts : the crimes of Grindelwald (Film).</marc:subfield>
        </marc:datafield>
        <marc:datafield ind1="2" ind2=" " tag="710">
            <marc:subfield code="a">Minalima Design (Firme)</marc:subfield>
            <marc:subfield code="e">illustrateur.</marc:subfield>
        </marc:datafield>
        <marc:datafield ind1="1" ind2=" " tag="800">
            <marc:subfield code="a">Rowling, J.K.</marc:subfield>
            <marc:subfield code="d">1965-</marc:subfield>
            <marc:subfield code="t">Animaux fantastiques ;</marc:subfield>
            <marc:subfield code="v">2</marc:subfield>
        </marc:datafield>
    </marc:record>