
    <marc:record>
        <marc:leader>02099nam a2200313 a 4500</marc:leader>
        <marc:controlfield tag="001">sqtd1787877</marc:controlfield>
        <marc:controlfield tag="003">SQTD</marc:controlfield>
        <marc:controlfield tag="005">20140122153558.0</marc:controlfield>
        <marc:controlfield tag="008">131114s2013    fr ||||j      000|0 fre  </marc:controlfield>
        <marc:datafield ind1=" " ind2=" " tag="020">
            <marc:subfield code="a">9782070656271 (br.)</marc:subfield>
        </marc:datafield>
        <marc:datafield ind1=" " ind2=" " tag="035">
            <marc:subfield code="a">(SQTD)1787877</marc:subfield>
        </marc:datafield>
        <marc:datafield ind1=" " ind2=" " tag="035">
            <marc:subfield code="a">(SDM)B333850</marc:subfield>
        </marc:datafield>
        <marc:datafield ind1=" " ind2=" " tag="040">
            <marc:subfield code="a">SDM</marc:subfield>
            <marc:subfield code="b">fre</marc:subfield>
            <marc:subfield code="d">SQTD</marc:subfield>
            <marc:subfield code="d">QMBM</marc:subfield>
        </marc:datafield>
        <marc:datafield ind1="1" ind2=" " tag="100">
            <marc:subfield code="a">Rowling, J.K.</marc:subfield>
            <marc:subfield code="q">(Joanne Kathleen)</marc:subfield>
            <marc:subfield code="d">1965-</marc:subfield>
            <marc:subfield code="e">forfatter</marc:subfield>
            <marc:subfield code="4">aut</marc:subfield>
            <marc:subfield code="0">116796842</marc:subfield>
            <marc:subfield code="1">http://viaf.org/viaf/116796842</marc:subfield>
        </marc:datafield>
        <marc:datafield ind1="1" ind2="0" tag="240">
            <marc:subfield code="a">Fantastic beasts and where to find them</marc:subfield>
            <marc:subfield code="l">Fransk</marc:subfield>
            <marc:subfield code="0">Q194424</marc:subfield>
            <marc:subfield code="1">https://www.wikidata.org/wiki/Q194424</marc:subfield>
        </marc:datafield>
        <marc:datafield ind1="1" ind2="4" tag="245">
            <marc:subfield code="a">Les animaux fantastiques :</marc:subfield>
            <marc:subfield code="b">(vie et habitat des animaux fantastiques) /</marc:subfield>
            <marc:subfield code="c">Newt Scamander, J. K. Rowling ; traduit de l'anglais par Jean-François Ménard.</marc:subfield>
        </marc:datafield>
        <marc:datafield ind1=" " ind2=" " tag="260">
            <marc:subfield code="a">[Paris] :</marc:subfield>
            <marc:subfield code="b">Gallimard jeunesse ;</marc:subfield>
            <marc:subfield code="a">Londres :</marc:subfield>
            <marc:subfield code="b">Obscurus Books,</marc:subfield>
            <marc:subfield code="c">2013.</marc:subfield>
        </marc:datafield>
        <marc:datafield ind1=" " ind2=" " tag="300">
            <marc:subfield code="a">119 s. ;</marc:subfield>
            <marc:subfield code="b">ill. ;</marc:subfield>
            <marc:subfield code="c">18 cm.</marc:subfield>
        </marc:datafield>
        <marc:datafield ind1=" " ind2=" " tag="336">
            <marc:subfield code="a">text</marc:subfield>
            <marc:subfield code="b">txt</marc:subfield>
            <marc:subfield code="0">http://rdaregistry.info/termList/RDAContentType/1020</marc:subfield>
            <marc:subfield code="2">rdacontent</marc:subfield>
        </marc:datafield>
        <marc:datafield ind1=" " ind2=" " tag="337">
            <marc:subfield code="a">unmediated</marc:subfield>
            <marc:subfield code="0">http://rdaregistry.info/termList/RDAMediaType/1007</marc:subfield>
            <marc:subfield code="2">rdacontent</marc:subfield>
        </marc:datafield>
        <marc:datafield ind1=" " ind2=" " tag="338">
            <marc:subfield code="a">volume</marc:subfield>
            <marc:subfield code="0">http://rdaregistry.info/termList/RDACarrierType/1049</marc:subfield>
            <marc:subfield code="2">rdacontent</marc:subfield>
        </marc:datafield>
        <marc:datafield ind1=" " ind2=" " tag="380">
            <marc:subfield code="a">romaner</marc:subfield>
            <marc:subfield code="2">humord</marc:subfield>
        </marc:datafield>
        <marc:datafield ind1="1" ind2=" " tag="490">
            <marc:subfield code="a">La bibliothèque de Poudlard.</marc:subfield>
        </marc:datafield>
        <marc:datafield ind1="1" ind2=" " tag="490">
            <marc:subfield code="a">Folio junior ;</marc:subfield>
            <marc:subfield code="v">1519.</marc:subfield>
        </marc:datafield>
        <marc:datafield ind1="8" ind2=" " tag="520">
            <marc:subfield code="a">Réédition. ##Vie et habitat des animaux fantastiques## est le chef-d'oeuvre qui, depuis sa publication, accompagne tous les jeunes élèves de Poudlard dans le cadre de leur cours de soins aux créatures magiques. Cette édition est tout particulièrement intéressante puisqu'elle constitue un fac-similé de l'exemplaire personnel de Harry Potter, incluant les notes personnelles qu'il a lui-même inscrites dans les marges! C'est donc en sa compagnie que le lecteur découvre, de A comme "acromantula" jusqu'à Y comme "yéti", près de 80 créatures qui font l'objet d'une classification en cinq niveaux (de la plus dangereuse à la plus inoffensive) par le ministère de la Magie. [SDM]</marc:subfield>
        </marc:datafield>
        <marc:datafield ind1="1" ind2=" " tag="520">
            <marc:subfield code="a">Un ouvrage dont le produit de la vente sera versé à l'organisation caritative Comic Relief, qui fera le bonheur des inconditionnels d'Harry Potter, qui déploreront peut-être toutefois l'absence d'illustration. [SDM]</marc:subfield>
        </marc:datafield>
        <marc:datafield ind1=" " ind2=" " tag="534">
            <marc:subfield code="t">Fantastic beasts &amp; where to find them.</marc:subfield>
        </marc:datafield>
        <marc:datafield ind1="1" ind2="6" tag="600">
            <marc:subfield code="a">Rowling, J.K.</marc:subfield>
            <marc:subfield code="q">(Joanne Kathleen Rowling),</marc:subfield>
            <marc:subfield code="d">1965-</marc:subfield>
            <marc:subfield code="x">Personnages</marc:subfield>
            <marc:subfield code="x">Harry Potter.</marc:subfield>
            <marc:subfield code="0">Q3244512</marc:subfield>
            <marc:subfield code="1">https://www.wikidata.org/wiki/Q3244512</marc:subfield>
        </marc:datafield>
        <marc:datafield ind1=" " ind2="4" tag="650">
            <marc:subfield code="a">Fabelaktige dyr</marc:subfield>
        </marc:datafield>
        <marc:datafield ind1=" " ind2="4" tag="650">
            <marc:subfield code="a">Monstre</marc:subfield>
        </marc:datafield>
        <marc:datafield ind1=" " ind2="4" tag="650">
            <marc:subfield code="a">Magi</marc:subfield>
        </marc:datafield>
        <marc:datafield ind1="1" ind2=" " tag="800">
            <marc:subfield code="a">Rowling, J.K.</marc:subfield>
            <marc:subfield code="d">1965-</marc:subfield>
            <marc:subfield code="t">Bibliothèque de Poudlard.</marc:subfield>
        </marc:datafield>
        <marc:datafield ind1=" " ind2="0" tag="830">
            <marc:subfield code="a">Folio junior ;</marc:subfield>
            <marc:subfield code="v">1519.</marc:subfield>
        </marc:datafield>
    </marc:record>