
    <marc:record>
        <marc:leader>02753nam a2200325 a 4500</marc:leader>
        <marc:controlfield tag="001">sqtd1796445</marc:controlfield>
        <marc:controlfield tag="003">SQTD</marc:controlfield>
        <marc:controlfield tag="005">20140131103635.0</marc:controlfield>
        <marc:controlfield tag="008">131114t20132008fr ||||j      000|j fre  </marc:controlfield>
        <marc:datafield ind1=" " ind2=" " tag="020">
            <marc:subfield code="a">9782070656288 (br.)</marc:subfield>
        </marc:datafield>
        <marc:datafield ind1=" " ind2=" " tag="035">
            <marc:subfield code="a">(SQTD)1796445</marc:subfield>
        </marc:datafield>
        <marc:datafield ind1=" " ind2=" " tag="035">
            <marc:subfield code="a">(SDM)B333848</marc:subfield>
        </marc:datafield>
        <marc:datafield ind1=" " ind2=" " tag="040">
            <marc:subfield code="a">SDM</marc:subfield>
            <marc:subfield code="b">fre</marc:subfield>
            <marc:subfield code="d">SQTD</marc:subfield>
            <marc:subfield code="d">QMBM</marc:subfield>
        </marc:datafield>
        <marc:datafield ind1="1" ind2=" " tag="100">
            <marc:subfield code="a">Rowling, J.K.</marc:subfield>
            <marc:subfield code="q">(Joanne Kathleen)</marc:subfield>
            <marc:subfield code="d">1965-</marc:subfield>
            <marc:subfield code="e">forfatter</marc:subfield>
            <marc:subfield code="4">aut</marc:subfield>
            <marc:subfield code="0">116796842</marc:subfield>
            <marc:subfield code="1">http://viaf.org/viaf/116796842</marc:subfield>
        </marc:datafield>
        <marc:datafield ind1="1" ind2="4" tag="240">
            <marc:subfield code="a">The tales of Beedle the Bard</marc:subfield>
            <marc:subfield code="l">Fransk</marc:subfield>
            <marc:subfield code="0">Q165068</marc:subfield>
            <marc:subfield code="1">https://www.wikidata.org/wiki/Q165068</marc:subfield>
        </marc:datafield>
        <marc:datafield ind1="1" ind2="4" tag="245">
            <marc:subfield code="a">Les contes de Beedle le Barde /</marc:subfield>
            <marc:subfield code="c">J. K. Rowling ; traduit des runes originales par Hermione Granger.</marc:subfield>
        </marc:datafield>
        <marc:datafield ind1=" " ind2=" " tag="260">
            <marc:subfield code="a">[Paris] :</marc:subfield>
            <marc:subfield code="b">Gallimard jeunesse,</marc:subfield>
            <marc:subfield code="c">2013, c2008.</marc:subfield>
        </marc:datafield>
        <marc:datafield ind1=" " ind2=" " tag="300">
            <marc:subfield code="a">127 s. ;</marc:subfield>
            <marc:subfield code="b">ill. ;</marc:subfield>
            <marc:subfield code="c">18 cm.</marc:subfield>
        </marc:datafield>
        <marc:datafield ind1=" " ind2=" " tag="336">
            <marc:subfield code="a">text</marc:subfield>
            <marc:subfield code="b">txt</marc:subfield>
            <marc:subfield code="0">http://rdaregistry.info/termList/RDAContentType/1020</marc:subfield>
            <marc:subfield code="2">rdacontent</marc:subfield>
        </marc:datafield>
        <marc:datafield ind1=" " ind2=" " tag="337">
            <marc:subfield code="a">unmediated</marc:subfield>
            <marc:subfield code="0">http://rdaregistry.info/termList/RDAMediaType/1007</marc:subfield>
            <marc:subfield code="2">rdacontent</marc:subfield>
        </marc:datafield>
        <marc:datafield ind1=" " ind2=" " tag="338">
            <marc:subfield code="a">volume</marc:subfield>
            <marc:subfield code="0">http://rdaregistry.info/termList/RDACarrierType/1049</marc:subfield>
            <marc:subfield code="2">rdacontent</marc:subfield>
        </marc:datafield>
        <marc:datafield ind1=" " ind2=" " tag="380">
            <marc:subfield code="a">eventyr</marc:subfield>
            <marc:subfield code="2">humord</marc:subfield>
        </marc:datafield>
        <marc:datafield ind1="1" ind2=" " tag="490">
            <marc:subfield code="a">La bibliothèque de Poudlard.</marc:subfield>
        </marc:datafield>
        <marc:datafield ind1="1" ind2=" " tag="490">
            <marc:subfield code="a">Folio junior ;</marc:subfield>
            <marc:subfield code="v">1520.</marc:subfield>
        </marc:datafield>
        <marc:datafield ind1="8" ind2=" " tag="520">
            <marc:subfield code="a">Réédition. À l'instar des contes de fées traditionnels, ce recueil présente cinq brefs récits "tirés" du folklore des sorciers, commentés par le professeur Dumbledore et dont Hermione, amie d'Harry, a réalisé la traduction. "Achevé dix-huit mois avant les tragiques événements qui se sont déroulés au sommet de la tour d'astronomie de Poudlard" (cf. l'introduction, p. 14), on y découvre l'analyse et la valeur qu'accorde le magicien à ce florilège mystérieux. Chaque conte est suivi de ses commentaires auxquels s'ajoutent des notes en bas de pages faisant référence à l'univers romanesque et aux personnages de la célèbre série. J. K. Rowling ajoute de plus, çà et là, son grain de sel en signant ses interventions. Mais là s'arrêtent les références à Harry Potter. Le reste demeure une évocation d'un folklore inventé, en parallèle de l'histoire de la magie, qui "marqua" l'enfance des magiciens. [SDM]</marc:subfield>
        </marc:datafield>
        <marc:datafield ind1="1" ind2=" " tag="520">
            <marc:subfield code="a">De lecture aisée et dans une mise en pages faussement vieillotte, ces contes permettront à une nouvelle génération de lecteurs de s'imprégner de la plume de Rowling, tandis que les plus grands seront ravis de savourer ce complément à l'univers d'Harry Potter. Notons que des références à peine camouflées à une figure phare de la littérature enfantine britannique (qu'on nomme ici Beatrix Bloxam) ajoutent à l'ensemble une touche savoureusement critique à l'endroit du puritanisme anglo-saxon. Signalons, finalement, que les profits générés par les ventes seront versés à l'oeuvre caritative Children's High Level Group. [SDM]</marc:subfield>
        </marc:datafield>
        <marc:datafield ind1=" " ind2=" " tag="534">
            <marc:subfield code="t">The tales of Beedle the Bard.</marc:subfield>
        </marc:datafield>
        <marc:datafield ind1="1" ind2="6" tag="600">
            <marc:subfield code="a">Rowling, J.K.</marc:subfield>
            <marc:subfield code="q">(Joanne Kathleen Rowling)</marc:subfield>
            <marc:subfield code="d">1965-</marc:subfield>
            <marc:subfield code="t">Harry Potter</marc:subfield>
            <marc:subfield code="x">Personnages.</marc:subfield>
            <marc:subfield code="0">Q8337</marc:subfield>
            <marc:subfield code="1">https://www.wikidata.org/wiki/Q8337</marc:subfield>
        </marc:datafield>
        <marc:datafield ind1="1" ind2="6" tag="600">
            <marc:subfield code="a">Rowling, J.K.</marc:subfield>
            <marc:subfield code="q">(Joanne Kathleen Rowling),</marc:subfield>
            <marc:subfield code="d">1965-</marc:subfield>
            <marc:subfield code="t">Harry Potter</marc:subfield>
            <marc:subfield code="v">Folklore.</marc:subfield>
            <marc:subfield code="0">Q8337</marc:subfield>
            <marc:subfield code="1">https://www.wikidata.org/wiki/Q8337</marc:subfield>
        </marc:datafield>
        <marc:datafield ind1=" " ind2="4" tag="650">
            <marc:subfield code="a">Eventyr</marc:subfield>
        </marc:datafield>
        <marc:datafield ind1=" " ind2="4" tag="650">
            <marc:subfield code="a">Trollmenn</marc:subfield>
            <marc:subfield code="v">Folkediktning</marc:subfield>
        </marc:datafield>
        <marc:datafield ind1="1" ind2=" " tag="800">
            <marc:subfield code="a">Rowling, J.K.</marc:subfield>
            <marc:subfield code="d">1965-</marc:subfield>
            <marc:subfield code="t">Bibliothèque de Poudlard.</marc:subfield>
        </marc:datafield>
        <marc:datafield ind1=" " ind2="0" tag="830">
            <marc:subfield code="a">Folio junior ;</marc:subfield>
            <marc:subfield code="v">1520.</marc:subfield>
        </marc:datafield>
    </marc:record>