
    <marc:record>
        <marc:leader>01924nam a22003972i 4500</marc:leader>
        <marc:controlfield tag="001">sqtd3037391</marc:controlfield>
        <marc:controlfield tag="003">SQTD</marc:controlfield>
        <marc:controlfield tag="005">20180209163551.0</marc:controlfield>
        <marc:controlfield tag="007">ta</marc:controlfield>
        <marc:controlfield tag="008">171108t20172007fr ||||j      000|f fre  </marc:controlfield>
        <marc:datafield ind1=" " ind2=" " tag="020">
            <marc:subfield code="a">9782070584925 (h.)</marc:subfield>
        </marc:datafield>
        <marc:datafield ind1=" " ind2=" " tag="035">
            <marc:subfield code="a">(SQTD)3037391</marc:subfield>
        </marc:datafield>
        <marc:datafield ind1=" " ind2=" " tag="035">
            <marc:subfield code="a">(SDM)B730612</marc:subfield>
        </marc:datafield>
        <marc:datafield ind1=" " ind2=" " tag="040">
            <marc:subfield code="a">SDM</marc:subfield>
            <marc:subfield code="b">fre</marc:subfield>
            <marc:subfield code="e">rda</marc:subfield>
            <marc:subfield code="d">SQTD</marc:subfield>
            <marc:subfield code="d">QMBM</marc:subfield>
        </marc:datafield>
        <marc:datafield ind1="1" ind2=" " tag="041">
            <marc:subfield code="a">fre</marc:subfield>
            <marc:subfield code="h">eng</marc:subfield>
        </marc:datafield>
        <marc:datafield ind1="1" ind2=" " tag="100">
            <marc:subfield code="a">Rowling, J.K.</marc:subfield>
            <marc:subfield code="q">(Joanne Kathleen)</marc:subfield>
            <marc:subfield code="d">1965-</marc:subfield>
            <marc:subfield code="e">forfatter</marc:subfield>
            <marc:subfield code="4">aut</marc:subfield>
            <marc:subfield code="0">116796842</marc:subfield>
            <marc:subfield code="1">http://viaf.org/viaf/116796842</marc:subfield>
        </marc:datafield>
        <marc:datafield ind1="1" ind2="0" tag="240">
            <marc:subfield code="a">Harry Potter and the prisoner of Azkaban.</marc:subfield>
            <marc:subfield code="l">Fransk</marc:subfield>
            <marc:subfield code="0">Q47598</marc:subfield>
            <marc:subfield code="1">https://www.wikidata.org/wiki/Q47598</marc:subfield>
        </marc:datafield>
        <marc:datafield ind1="1" ind2="0" tag="245">
            <marc:subfield code="a">Harry Potter et le prisonnier d'Azkaban /</marc:subfield>
            <marc:subfield code="c">J.K. Rowling ; traduit de l'anglais par Jean-François Ménard.</marc:subfield>
        </marc:datafield>
        <marc:datafield ind1=" " ind2="1" tag="264">
            <marc:subfield code="a">[Paris] :</marc:subfield>
            <marc:subfield code="b">Gallimard jeunesse,</marc:subfield>
            <marc:subfield code="c">[2017]</marc:subfield>
        </marc:datafield>
        <marc:datafield ind1=" " ind2="4" tag="264">
            <marc:subfield code="c">©2007.</marc:subfield>
        </marc:datafield>
        <marc:datafield ind1=" " ind2=" " tag="300">
            <marc:subfield code="a">443 s. ;</marc:subfield>
            <marc:subfield code="c">18 cm.</marc:subfield>
        </marc:datafield>
        <marc:datafield ind1=" " ind2=" " tag="336">
            <marc:subfield code="a">text</marc:subfield>
            <marc:subfield code="b">txt</marc:subfield>
            <marc:subfield code="0">http://rdaregistry.info/termList/RDAContentType/1020</marc:subfield>
            <marc:subfield code="2">rdacontent</marc:subfield>
        </marc:datafield>
        <marc:datafield ind1=" " ind2=" " tag="337">
            <marc:subfield code="a">unmediated</marc:subfield>
            <marc:subfield code="0">http://rdaregistry.info/termList/RDAMediaType/1007</marc:subfield>
            <marc:subfield code="2">rdacontent</marc:subfield>
        </marc:datafield>
        <marc:datafield ind1=" " ind2=" " tag="338">
            <marc:subfield code="a">volume</marc:subfield>
            <marc:subfield code="0">http://rdaregistry.info/termList/RDACarrierType/1049</marc:subfield>
            <marc:subfield code="2">rdacontent</marc:subfield>
        </marc:datafield>
        <marc:datafield ind1=" " ind2=" " tag="380">
            <marc:subfield code="a">romaner</marc:subfield>
            <marc:subfield code="2">humord</marc:subfield>
        </marc:datafield>
        <marc:datafield ind1="1" ind2=" " tag="490">
            <marc:subfield code="a">Harry Potter ;</marc:subfield>
            <marc:subfield code="v">3.</marc:subfield>
        </marc:datafield>
        <marc:datafield ind1="1" ind2=" " tag="490">
            <marc:subfield code="a">Folio junior ;</marc:subfield>
            <marc:subfield code="v">1006.</marc:subfield>
        </marc:datafield>
        <marc:datafield ind1="8" ind2=" " tag="520">
            <marc:subfield code="a">Réédition. La surprenante saga d'Harry Potter se poursuit. Harry en est à sa troisième année à l'école de sorcellerie: cours de divination, potions, etc. Un dangereux personnage évadé de la forteresse d'Azkaban est à sa recherche. Sirius Black est un sorcier aguerri. Est-il responsable de la mort des parents d'Harry? Veut-il le tuer? Les affrontements et les rebondissements se multiplient. [SDM]</marc:subfield>
        </marc:datafield>
        <marc:datafield ind1="1" ind2=" " tag="520">
            <marc:subfield code="a">Les fans du héros, jeunes et adultes, ne seront pas déçus. [SDM]</marc:subfield>
        </marc:datafield>
        <marc:datafield ind1=" " ind2="4" tag="650">
            <marc:subfield code="a">Potter, Harry (Fiktiv person)</marc:subfield>
            <marc:subfield code="v">Ungdomslitteratur</marc:subfield>
        </marc:datafield>
        <marc:datafield ind1=" " ind2="4" tag="650">
            <marc:subfield code="a">Magi</marc:subfield>
            <marc:subfield code="v">Ungdomslitteratur</marc:subfield>
        </marc:datafield>
        <marc:datafield ind1=" " ind2="4" tag="650">
            <marc:subfield code="a">Trollmenn</marc:subfield>
            <marc:subfield code="v">Ungdomslitteratur</marc:subfield>
        </marc:datafield>
        <marc:datafield ind1=" " ind2="4" tag="650">
            <marc:subfield code="a">Skoler</marc:subfield>
            <marc:subfield code="v">Ungdomslitteratur</marc:subfield>
        </marc:datafield>
        <marc:datafield ind1=" " ind2="4" tag="651">
            <marc:subfield code="a">England</marc:subfield>
            <marc:subfield code="v">Ungdomslitteratur.</marc:subfield>
        </marc:datafield>
        <marc:datafield ind1="1" ind2=" " tag="800">
            <marc:subfield code="a">Rowling, J.K.</marc:subfield>
            <marc:subfield code="q">(Joanne Kathleen Rowling)</marc:subfield>
            <marc:subfield code="d">1965-</marc:subfield>
            <marc:subfield code="t">Harry Potter ;</marc:subfield>
            <marc:subfield code="v">3</marc:subfield>
        </marc:datafield>
        <marc:datafield ind1=" " ind2="0" tag="830">
            <marc:subfield code="a">Folio junior ;</marc:subfield>
            <marc:subfield code="v">1006.</marc:subfield>
        </marc:datafield>
    </marc:record>