
    <marc:record>
        <marc:leader>01957nim a22004572i 4500</marc:leader>
        <marc:controlfield tag="001">sqtd2956261</marc:controlfield>
        <marc:controlfield tag="003">SQTD</marc:controlfield>
        <marc:controlfield tag="005">20171108060633.0</marc:controlfield>
        <marc:controlfield tag="007">sd fsngnnmmne|</marc:controlfield>
        <marc:controlfield tag="008">171004t20172017fr     j            fre d</marc:controlfield>
        <marc:datafield ind1=" " ind2=" " tag="020">
            <marc:subfield code="a">9782075085038</marc:subfield>
        </marc:datafield>
        <marc:datafield ind1="0" ind2="2" tag="028">
            <marc:subfield code="a">J00396</marc:subfield>
            <marc:subfield code="b">Gallimard Jeunesse</marc:subfield>
        </marc:datafield>
        <marc:datafield ind1=" " ind2=" " tag="035">
            <marc:subfield code="a">(SQTD)2956261</marc:subfield>
        </marc:datafield>
        <marc:datafield ind1=" " ind2=" " tag="035">
            <marc:subfield code="a">(OCoLC)1005504756</marc:subfield>
        </marc:datafield>
        <marc:datafield ind1=" " ind2=" " tag="035">
            <marc:subfield code="a">(BAnQ)0005661602</marc:subfield>
        </marc:datafield>
        <marc:datafield ind1=" " ind2=" " tag="040">
            <marc:subfield code="a">SzZUIDS</marc:subfield>
            <marc:subfield code="b">fre</marc:subfield>
            <marc:subfield code="e">rda</marc:subfield>
            <marc:subfield code="c">CHVBK</marc:subfield>
            <marc:subfield code="d">QMBND</marc:subfield>
            <marc:subfield code="d">SQTD</marc:subfield>
            <marc:subfield code="d">QMBM</marc:subfield>
        </marc:datafield>
        <marc:datafield ind1="1" ind2=" " tag="100">
            <marc:subfield code="a">Rowling, J.K.</marc:subfield>
            <marc:subfield code="q">(Joanne Kathleen)</marc:subfield>
            <marc:subfield code="d">1965-</marc:subfield>
            <marc:subfield code="e">forfatter</marc:subfield>
            <marc:subfield code="4">aut</marc:subfield>
            <marc:subfield code="0">116796842</marc:subfield>
            <marc:subfield code="1">http://viaf.org/viaf/116796842</marc:subfield>
        </marc:datafield>
        <marc:datafield ind1="1" ind2="0" tag="240">
            <marc:subfield code="a">Harry Potter and the Half-Blood Prince.</marc:subfield>
            <marc:subfield code="l">Fransk</marc:subfield>
            <marc:subfield code="0">Q46887</marc:subfield>
            <marc:subfield code="1">https://www.wikidata.org/wiki/Q46887</marc:subfield>
        </marc:datafield>
        <marc:datafield ind1="1" ind2="0" tag="245">
            <marc:subfield code="a">Harry Potter et le prince de sang-mêlé /</marc:subfield>
            <marc:subfield code="c">J.K. Rowling ; traduit de l'anglais par Jean-François Ménard.</marc:subfield>
        </marc:datafield>
        <marc:datafield ind1=" " ind2="2" tag="264">
            <marc:subfield code="a">Paris :</marc:subfield>
            <marc:subfield code="b">Gallimard Jeunesse,</marc:subfield>
            <marc:subfield code="c">[2017]</marc:subfield>
        </marc:datafield>
        <marc:datafield ind1=" " ind2="4" tag="264">
            <marc:subfield code="c">℗©2017.</marc:subfield>
        </marc:datafield>
        <marc:datafield ind1=" " ind2=" " tag="300">
            <marc:subfield code="a">3 kompakte disker (ca. 21 t 30 min) :</marc:subfield>
            <marc:subfield code="b">digitale MP3-filer ;</marc:subfield>
            <marc:subfield code="c">12 cm.</marc:subfield>
        </marc:datafield>
        <marc:datafield ind1=" " ind2=" " tag="336">
            <marc:subfield code="a">spoken word</marc:subfield>
            <marc:subfield code="b">spw</marc:subfield>
            <marc:subfield code="0">http://rdaregistry.info/termList/RDAContentType/1013</marc:subfield>
            <marc:subfield code="2">rdacontent</marc:subfield>
        </marc:datafield>
        <marc:datafield ind1=" " ind2=" " tag="337">
            <marc:subfield code="a">audio</marc:subfield>
            <marc:subfield code="0">http://rdaregistry.info/termList/RDAMediaType/1001</marc:subfield>
            <marc:subfield code="2">rdacontent</marc:subfield>
        </marc:datafield>
        <marc:datafield ind1=" " ind2=" " tag="338">
            <marc:subfield code="a">audio disc</marc:subfield>
            <marc:subfield code="0">http://rdaregistry.info/termList/RDACarrierType/1004</marc:subfield>
            <marc:subfield code="2">rdacontent</marc:subfield>
        </marc:datafield>
        <marc:datafield ind1=" " ind2=" " tag="344">
            <marc:subfield code="a">numérique</marc:subfield>
            <marc:subfield code="b">optique</marc:subfield>
            <marc:subfield code="g">stéréo</marc:subfield>
            <marc:subfield code="2">rda.</marc:subfield>
        </marc:datafield>
        <marc:datafield ind1=" " ind2=" " tag="347">
            <marc:subfield code="a">fichier audio</marc:subfield>
            <marc:subfield code="b">MP3</marc:subfield>
            <marc:subfield code="2">rda.</marc:subfield>
        </marc:datafield>
        <marc:datafield ind1=" " ind2=" " tag="380">
            <marc:subfield code="a">lydbøker</marc:subfield>
            <marc:subfield code="2">humord</marc:subfield>
        </marc:datafield>
        <marc:datafield ind1="1" ind2=" " tag="490">
            <marc:subfield code="a">Écoutez lire.</marc:subfield>
        </marc:datafield>
        <marc:datafield ind1="1" ind2=" " tag="490">
            <marc:subfield code="a">Harry Potter ;</marc:subfield>
            <marc:subfield code="v">6.</marc:subfield>
        </marc:datafield>
        <marc:datafield ind1=" " ind2="4" tag="650">
            <marc:subfield code="a">Magi</marc:subfield>
            <marc:subfield code="v">Ungdomslitteratur</marc:subfield>
        </marc:datafield>
        <marc:datafield ind1=" " ind2="4" tag="650">
            <marc:subfield code="a">Trollmenn</marc:subfield>
            <marc:subfield code="v">Ungdomslitteratur</marc:subfield>
        </marc:datafield>
        <marc:datafield ind1=" " ind2="4" tag="650">
            <marc:subfield code="a">Skoler</marc:subfield>
            <marc:subfield code="v">Ungdomslitteratur</marc:subfield>
        </marc:datafield>
        <marc:datafield ind1=" " ind2="4" tag="650">
            <marc:subfield code="a">Strid</marc:subfield>
            <marc:subfield code="v">Ungdomslitteratur</marc:subfield>
        </marc:datafield>
        <marc:datafield ind1=" " ind2="4" tag="651">
            <marc:subfield code="a">England</marc:subfield>
            <marc:subfield code="v">Ungdomslitteratur.</marc:subfield>
        </marc:datafield>
        <marc:datafield ind1="1" ind2=" " tag="700">
            <marc:subfield code="a">Collignon-Maurin, Dominique</marc:subfield>
            <marc:subfield code="d">1949-</marc:subfield>
            <marc:subfield code="e">forteller</marc:subfield>
            <marc:subfield code="4">nrt</marc:subfield>
            <marc:subfield code="0">32207028</marc:subfield>
            <marc:subfield code="1">http://viaf.org/viaf/32207028</marc:subfield>
        </marc:datafield>
        <marc:datafield ind1="1" ind2=" " tag="700">
            <marc:subfield code="i">Traduction de (oeuvre):</marc:subfield>
            <marc:subfield code="a">Rowling, J.K.</marc:subfield>
            <marc:subfield code="q">(Joanne Kathleen)</marc:subfield>
            <marc:subfield code="d">1965- .</marc:subfield>
            <marc:subfield code="t">Harry Potter and the Half-Blood Prince.</marc:subfield>
            <marc:subfield code="0">183367802</marc:subfield>
            <marc:subfield code="1">http://viaf.org/viaf/183367802</marc:subfield>
        </marc:datafield>
        <marc:datafield ind1="1" ind2=" " tag="700">
            <marc:subfield code="a">Ménard, Jean-François</marc:subfield>
            <marc:subfield code="d">1948-</marc:subfield>
            <marc:subfield code="e">oversetter</marc:subfield>
            <marc:subfield code="4">trl</marc:subfield>
            <marc:subfield code="0">165865720</marc:subfield>
            <marc:subfield code="1">http://viaf.org/viaf/165865720</marc:subfield>
        </marc:datafield>
        <marc:datafield ind1="1" ind2=" " tag="800">
            <marc:subfield code="a">Rowling, J.K.</marc:subfield>
            <marc:subfield code="d">1965- .</marc:subfield>
            <marc:subfield code="t">Harry Potter ;</marc:subfield>
            <marc:subfield code="v">6</marc:subfield>
        </marc:datafield>
        <marc:datafield ind1=" " ind2="0" tag="830">
            <marc:subfield code="a">Écoutez lire.</marc:subfield>
        </marc:datafield>
    </marc:record>