
    <marc:record>
        <marc:leader>02388nam a2200217 a 4500</marc:leader>
        <marc:controlfield tag="001">ODN0003347805</marc:controlfield>
        <marc:controlfield tag="006">m        d        </marc:controlfield>
        <marc:controlfield tag="007">cr cn---------</marc:controlfield>
        <marc:controlfield tag="008">170727s2017    nyu     s     000 1 eng d</marc:controlfield>
        <marc:datafield ind1=" " ind2=" " tag="020">
            <marc:subfield code="a">9781781105528 (elektronisk bok)</marc:subfield>
        </marc:datafield>
        <marc:datafield ind1=" " ind2=" " tag="040">
            <marc:subfield code="a">TEFOD</marc:subfield>
            <marc:subfield code="c">TEFOD</marc:subfield>
            <marc:subfield code="d">QMBM</marc:subfield>
        </marc:datafield>
        <marc:datafield ind1="1" ind2=" " tag="100">
            <marc:subfield code="a">Rowling, J.K.</marc:subfield>
            <marc:subfield code="q">(Joanne Kathleen)</marc:subfield>
            <marc:subfield code="d">1965-</marc:subfield>
            <marc:subfield code="e">forfatter</marc:subfield>
            <marc:subfield code="4">aut</marc:subfield>
            <marc:subfield code="0">116796842</marc:subfield>
            <marc:subfield code="1">http://viaf.org/viaf/116796842</marc:subfield>
        </marc:datafield>
        <marc:datafield ind1="1" ind2="0" tag="240">
            <marc:subfield code="a">Harry potter and the cursed child: parts one and two : The Official Playscript of the Original West End Production</marc:subfield>
            <marc:subfield code="l">Engelsk</marc:subfield>
            <marc:subfield code="0">1021224875</marc:subfield>
            <marc:subfield code="1">http://www.worldcat.org/oclc/1021224875</marc:subfield>
        </marc:datafield>
        <marc:datafield ind1="1" ind2="0" tag="245">
            <marc:subfield code="a">Harry potter and the cursed child: parts one and two :</marc:subfield>
            <marc:subfield code="b">The Official Playscript of the Original West End Production /</marc:subfield>
            <marc:subfield code="c">J. K Rowling.</marc:subfield>
        </marc:datafield>
        <marc:datafield ind1=" " ind2=" " tag="260">
            <marc:subfield code="a">Valley View :</marc:subfield>
            <marc:subfield code="b">Pottermore Publishing,</marc:subfield>
            <marc:subfield code="c">2017.</marc:subfield>
        </marc:datafield>
        <marc:datafield ind1=" " ind2=" " tag="300">
            <marc:subfield code="a">1 online ressurs.</marc:subfield>
        </marc:datafield>
        <marc:datafield ind1=" " ind2=" " tag="336">
            <marc:subfield code="a">text</marc:subfield>
            <marc:subfield code="b">txt</marc:subfield>
            <marc:subfield code="0">http://rdaregistry.info/termList/RDAContentType/1020</marc:subfield>
            <marc:subfield code="2">rdacontent</marc:subfield>
        </marc:datafield>
        <marc:datafield ind1=" " ind2=" " tag="337">
            <marc:subfield code="a">computer</marc:subfield>
            <marc:subfield code="0">http://rdaregistry.info/termList/RDAMediaType/1003</marc:subfield>
            <marc:subfield code="2">rdacontent</marc:subfield>
        </marc:datafield>
        <marc:datafield ind1=" " ind2=" " tag="338">
            <marc:subfield code="a">online resoucre</marc:subfield>
            <marc:subfield code="0">http://rdaregistry.info/termList/RDACarrierType/1018</marc:subfield>
            <marc:subfield code="2">rdacontent</marc:subfield>
        </marc:datafield>
        <marc:datafield ind1=" " ind2=" " tag="380">
            <marc:subfield code="a">regibøker</marc:subfield>
            <marc:subfield code="2">humord</marc:subfield>
        </marc:datafield>
        <marc:datafield ind1="0" ind2=" " tag="490">
            <marc:subfield code="a">Harry Potter.</marc:subfield>
        </marc:datafield>
        <marc:datafield ind1=" " ind2=" " tag="520">
            <marc:subfield code="a">The official playscript of the original West End production of Harry Potter and the Cursed Child.It was always difficult being Harry Potter and it isn't much easier now that he is an overworked employee of the Ministry of Magic, a husband, and father of three school-age children.While Harry grapples with a past that refuses to stay where it belongs, his youngest son Albus must struggle with the weight of a family legacy he never wanted. As past and present fuse ominously, both father and son learn the uncomfortable truth: sometimes, darkness comes from unexpected places.The playscript for Harry Potter and the Cursed Child was originally released as a 'special rehearsal edition' alongside the opening of Jack Thorne's play in London's West End in summer 2016. Based on an original story by J.K. Rowling, John Tiffany and Jack Thorne, the play opened to rapturous reviews from theatregoers and critics alike, while the official playscript became an immediate global bestseller.This definitive and final playscript updates the 'special rehearsal edition' with the conclusive and final dialogue from the play, which has subtly changed since its rehearsals, as well as a conversation piece between director John Tiffany and writer Jack Thorne, who share stories and insights about reading playscripts. This edition also includes useful background information including the Potter family tree and a timeline of events from the Wizarding World prior to the beginning of Harry Potter and the Cursed Child.</marc:subfield>
        </marc:datafield>
        <marc:datafield ind1=" " ind2=" " tag="538">
            <marc:subfield code="a">Requires OverDrive Read (file size: N/A KB) or Adobe Digital Editions (file size: 4174 KB) or Kobo app or compatible Kobo device (file size: N/A KB).</marc:subfield>
        </marc:datafield>
        <marc:datafield ind1="1" ind2="2" tag="700">
            <marc:subfield code="a">Rowling, J.K.</marc:subfield>
            <marc:subfield code="d">1965-</marc:subfield>
            <marc:subfield code="i">is text for work</marc:subfield>
            <marc:subfield code="t">Harry Potter</marc:subfield>
            <marc:subfield code="1">https://www.wikidata.org/wiki/Q8337</marc:subfield>
            <marc:subfield code="4">http://rdaregistry.info/Elements/w/textForWork.en</marc:subfield>
        </marc:datafield>
    </marc:record>