
    <marc:record>
        <marc:leader>02473ngm a2200445 a 4500</marc:leader>
        <marc:controlfield tag="001">sqtd1837251</marc:controlfield>
        <marc:controlfield tag="003">SQTD</marc:controlfield>
        <marc:controlfield tag="005">20140325052956.0</marc:controlfield>
        <marc:controlfield tag="007">vd  s    </marc:controlfield>
        <marc:controlfield tag="008">140324p20112011xxu    g           lfre  </marc:controlfield>
        <marc:datafield ind1="1" ind2=" " tag="024">
            <marc:subfield code="a">883929206377</marc:subfield>
        </marc:datafield>
        <marc:datafield ind1="4" ind2="0" tag="028">
            <marc:subfield code="a">3000041170</marc:subfield>
            <marc:subfield code="b">Warner Home Video</marc:subfield>
        </marc:datafield>
        <marc:datafield ind1="4" ind2="0" tag="028">
            <marc:subfield code="a">3000041169</marc:subfield>
            <marc:subfield code="b">Warner Home Video</marc:subfield>
        </marc:datafield>
        <marc:datafield ind1=" " ind2=" " tag="035">
            <marc:subfield code="a">(SQTD)1837251</marc:subfield>
        </marc:datafield>
        <marc:datafield ind1=" " ind2=" " tag="035">
            <marc:subfield code="a">(BAnQ)0004603717</marc:subfield>
        </marc:datafield>
        <marc:datafield ind1=" " ind2=" " tag="040">
            <marc:subfield code="a">QMBND</marc:subfield>
            <marc:subfield code="b">fre</marc:subfield>
            <marc:subfield code="d">SQTD</marc:subfield>
            <marc:subfield code="d">QMBM</marc:subfield>
        </marc:datafield>
        <marc:datafield ind1="0" ind2=" " tag="041">
            <marc:subfield code="a">fre</marc:subfield>
            <marc:subfield code="a">eng</marc:subfield>
            <marc:subfield code="a">spa</marc:subfield>
            <marc:subfield code="j">fre</marc:subfield>
            <marc:subfield code="j">spa</marc:subfield>
        </marc:datafield>
        <marc:datafield ind1="1" ind2="4" tag="130">
            <marc:subfield code="a">Harry Potter</marc:subfield>
            <marc:subfield code="0">Q216930</marc:subfield>
            <marc:subfield code="1">https://www.wikidata.org/wiki/Q216930</marc:subfield>
        </marc:datafield>
        <marc:datafield ind1="1" ind2="0" tag="240">
            <marc:subfield code="a">Harry Potter</marc:subfield>
            <marc:subfield code="l">Engelsk</marc:subfield>
            <marc:subfield code="0">Q8337</marc:subfield>
            <marc:subfield code="1">https://www.wikidata.org/wiki/Q8337</marc:subfield>
        </marc:datafield>
        <marc:datafield ind1="0" ind2="0" tag="245">
            <marc:subfield code="a">Harry Potter :</marc:subfield>
            <marc:subfield code="b">collection complète des 8 films.</marc:subfield>
        </marc:datafield>
        <marc:datafield ind1="3" ind2=" " tag="246">
            <marc:subfield code="a">Harry Potter</marc:subfield>
            <marc:subfield code="h">[enregistrement vidéo] :</marc:subfield>
            <marc:subfield code="b">complete 8-film collection.</marc:subfield>
        </marc:datafield>
        <marc:datafield ind1=" " ind2=" " tag="260">
            <marc:subfield code="a">Burbank, Calif :</marc:subfield>
            <marc:subfield code="b">Warner Bros.,</marc:subfield>
            <marc:subfield code="c">c2011.</marc:subfield>
        </marc:datafield>
        <marc:datafield ind1=" " ind2=" " tag="300">
            <marc:subfield code="a">8 Blu-ray-plater (1149 min) :</marc:subfield>
            <marc:subfield code="b">lyd, kol. ;</marc:subfield>
            <marc:subfield code="c">12 cm.</marc:subfield>
        </marc:datafield>
        <marc:datafield ind1=" " ind2=" " tag="336">
            <marc:subfield code="a">two-dimensional moving image</marc:subfield>
            <marc:subfield code="b">tdi</marc:subfield>
            <marc:subfield code="0">http://rdaregistry.info/termList/RDAContentType/1023</marc:subfield>
            <marc:subfield code="2">rdacontent</marc:subfield>
        </marc:datafield>
        <marc:datafield ind1=" " ind2=" " tag="337">
            <marc:subfield code="a">video</marc:subfield>
            <marc:subfield code="0">http://rdaregistry.info/termList/RDAMediaType/1008</marc:subfield>
            <marc:subfield code="2">rdacontent</marc:subfield>
        </marc:datafield>
        <marc:datafield ind1=" " ind2=" " tag="338">
            <marc:subfield code="a">videodisc</marc:subfield>
            <marc:subfield code="0">http://rdaregistry.info/termList/RDACarrierType/1060</marc:subfield>
            <marc:subfield code="2">rdacontent</marc:subfield>
        </marc:datafield>
        <marc:datafield ind1=" " ind2=" " tag="380">
            <marc:subfield code="a">spillefilmer</marc:subfield>
            <marc:subfield code="2">humord</marc:subfield>
        </marc:datafield>
        <marc:datafield ind1="0" ind2=" " tag="505">
            <marc:subfield code="a">Harry Potter and the philosopher's stone = Harry Potter à l'école des sorciers / directed by Chris Columbus -- Harry Potter and the chamber of secrets = Harry Potter et la chambre des secrest / directed by Chris Columbus -- Harry Potter and the prisoner of Azkaban = Harry Potter et le prisonier d'Azkaban / directed by Alfonso Cuarón -- Harry Potter and the goblet of fire = Harry Potter et la coupe de feu / directed by Mike Newell -- Harry Potter and the Order of the Phoenix = Harry Potter et l'Ordre du Phénix / directed by David Yates -- Harry Potter and the Half-Blood Prince = Harry Potter et le Prince de Sang-Mêlé / directed by David Yates -- Harry Potter and the Deathly Hallows. Part 1 = Harry Potter et les Reliques de la Mort. 1ère partie / directed by David Yates -- Harry Potter and the Deathly Hallows. Part 2 = Harry Potter et les Reliques de la Mort. 2e partie / directed by David Yates.</marc:subfield>
        </marc:datafield>
        <marc:datafield ind1=" " ind2=" " tag="538">
            <marc:subfield code="a">Blu-ray.</marc:subfield>
        </marc:datafield>
        <marc:datafield ind1=" " ind2=" " tag="546">
            <marc:subfield code="a">Versions française, anglaise et espagnole, sous-titres en français et en espagnol ; sous-titré pour malentendants.</marc:subfield>
        </marc:datafield>
        <marc:datafield ind1="1" ind2="6" tag="600">
            <marc:subfield code="a">Rowling, J.K.</marc:subfield>
            <marc:subfield code="v">Adaptations cinématographiques.</marc:subfield>
            <marc:subfield code="0">116796842</marc:subfield>
            <marc:subfield code="1">http://viaf.org/viaf/116796842</marc:subfield>
        </marc:datafield>
        <marc:datafield ind1=" " ind2="4" tag="650">
            <marc:subfield code="a">Trollmenn</marc:subfield>
            <marc:subfield code="z">England</marc:subfield>
            <marc:subfield code="v">Filmer</marc:subfield>
        </marc:datafield>
        <marc:datafield ind1=" " ind2="4" tag="650">
            <marc:subfield code="a">Magi</marc:subfield>
            <marc:subfield code="z">England</marc:subfield>
            <marc:subfield code="v">Filmer</marc:subfield>
        </marc:datafield>
        <marc:datafield ind1=" " ind2="4" tag="650">
            <marc:subfield code="a">Potter, Harry (Fiktiv person)</marc:subfield>
            <marc:subfield code="v">Films.</marc:subfield>
        </marc:datafield>
        <marc:datafield ind1="1" ind2=" " tag="700">
            <marc:subfield code="a">Columbus, Chris.</marc:subfield>
            <marc:subfield code="d">1958-</marc:subfield>
            <marc:subfield code="e">filmregissør</marc:subfield>
            <marc:subfield code="4">fmd</marc:subfield>
            <marc:subfield code="1">https://www.imdb.com/name/nm0001060/</marc:subfield>
        </marc:datafield>
        <marc:datafield ind1="1" ind2=" " tag="700">
            <marc:subfield code="a">Newell, Mike.</marc:subfield>
            <marc:subfield code="d">1942-</marc:subfield>
            <marc:subfield code="e">filmregissør</marc:subfield>
            <marc:subfield code="4">fmd</marc:subfield>
            <marc:subfield code="1">https://www.imdb.com/name/nm0001565/</marc:subfield>
        </marc:datafield>
        <marc:datafield ind1="1" ind2=" " tag="700">
            <marc:subfield code="a">Radcliffe, Daniel,</marc:subfield>
            <marc:subfield code="d">1989-</marc:subfield>
            <marc:subfield code="e">skuespiller</marc:subfield>
            <marc:subfield code="4">act</marc:subfield>
            <marc:subfield code="1">https://www.imdb.com/name/nm0705356/</marc:subfield>
        </marc:datafield>
        <marc:datafield ind1="1" ind2=" " tag="700">
            <marc:subfield code="a">Grint, Rupert,</marc:subfield>
            <marc:subfield code="d">1988-</marc:subfield>
            <marc:subfield code="e">skuespiller</marc:subfield>
            <marc:subfield code="4">act</marc:subfield>
            <marc:subfield code="1">https://www.imdb.com/name/nm0342488/</marc:subfield>
        </marc:datafield>
        <marc:datafield ind1="1" ind2=" " tag="700">
            <marc:subfield code="a">Watson, Emma,</marc:subfield>
            <marc:subfield code="d">1990-</marc:subfield>
            <marc:subfield code="e">skuespiller</marc:subfield>
            <marc:subfield code="4">act</marc:subfield>
            <marc:subfield code="1">https://www.imdb.com/name/nm0914612/</marc:subfield>
        </marc:datafield>
        <marc:datafield ind1="1" ind2=" " tag="700">
            <marc:subfield code="a">Rowling, J.K.</marc:subfield>
            <marc:subfield code="d">(Joanne Kathleen)</marc:subfield>
            <marc:subfield code="d">1965-</marc:subfield>
            <marc:subfield code="e">idéskaper</marc:subfield>
            <marc:subfield code="e">forfatter</marc:subfield>
            <marc:subfield code="4">ccp</marc:subfield>
            <marc:subfield code="4">aut</marc:subfield>
            <marc:subfield code="0">116796842</marc:subfield>
            <marc:subfield code="1">http://viaf.org/viaf/116796842</marc:subfield>
        </marc:datafield>
        <marc:datafield ind1="1" ind2=" " tag="700">
            <marc:subfield code="a">Cuarón, Alfonso.</marc:subfield>
            <marc:subfield code="d">1961-</marc:subfield>
            <marc:subfield code="e">filmregissør</marc:subfield>
            <marc:subfield code="4">fmd</marc:subfield>
            <marc:subfield code="1">https://www.imdb.com/name/nm0190859/</marc:subfield>
        </marc:datafield>
        <marc:datafield ind1="1" ind2=" " tag="700">
            <marc:subfield code="a">Yates, David,</marc:subfield>
            <marc:subfield code="d">1963-</marc:subfield>
            <marc:subfield code="e">filmregissør</marc:subfield>
            <marc:subfield code="4">fmd</marc:subfield>
            <marc:subfield code="1">https://www.imdb.com/name/nm0946734/</marc:subfield>
        </marc:datafield>
        <marc:datafield ind1="1" ind2="2" tag="700">
            <marc:subfield code="a">Rowling, J.K.</marc:subfield>
            <marc:subfield code="d">1965-</marc:subfield>
            <marc:subfield code="i">is adapted as motion picture work</marc:subfield>
            <marc:subfield code="t">Harry Potter</marc:subfield>
            <marc:subfield code="1">https://www.wikidata.org/wiki/Q8337</marc:subfield>
            <marc:subfield code="4">http://rdaregistry.info/Elements/w/adaptedAsMotionPictureWork.en</marc:subfield>
        </marc:datafield>
        <marc:datafield ind1="2" ind2=" " tag="710">
            <marc:subfield code="a">Warner Home Video.</marc:subfield>
        </marc:datafield>
    </marc:record>