
    <marc:record>
        <marc:leader>02049nim a2200373 i 4500</marc:leader>
        <marc:controlfield tag="007">sd            </marc:controlfield>
        <marc:controlfield tag="008">170906t20162016fr            |f|   fre d</marc:controlfield>
        <marc:datafield ind1="1" ind2=" " tag="024">
            <marc:subfield code="a">9782070604258</marc:subfield>
        </marc:datafield>
        <marc:datafield ind1="0" ind2="2" tag="028">
            <marc:subfield code="a">A60425</marc:subfield>
        </marc:datafield>
        <marc:datafield ind1=" " ind2=" " tag="040">
            <marc:subfield code="a">QMBM</marc:subfield>
            <marc:subfield code="b">fre</marc:subfield>
            <marc:subfield code="e">rda</marc:subfield>
            <marc:subfield code="c">QMBM</marc:subfield>
        </marc:datafield>
        <marc:datafield ind1="1" ind2=" " tag="041">
            <marc:subfield code="a">fre</marc:subfield>
            <marc:subfield code="h">eng</marc:subfield>
        </marc:datafield>
        <marc:datafield ind1="1" ind2=" " tag="100">
            <marc:subfield code="a">Rowling, J.K.</marc:subfield>
            <marc:subfield code="q">(Joanne Kathleen)</marc:subfield>
            <marc:subfield code="d">1965-</marc:subfield>
            <marc:subfield code="e">forfatter</marc:subfield>
            <marc:subfield code="4">aut</marc:subfield>
            <marc:subfield code="0">116796842</marc:subfield>
            <marc:subfield code="1">http://viaf.org/viaf/116796842</marc:subfield>
        </marc:datafield>
        <marc:datafield ind1="1" ind2="0" tag="240">
            <marc:subfield code="a">Harry Potter and the Order of the Phoenix.</marc:subfield>
            <marc:subfield code="l">Fransk</marc:subfield>
            <marc:subfield code="0">990778915</marc:subfield>
            <marc:subfield code="1">http://www.worldcat.org/oclc/990778915</marc:subfield>
        </marc:datafield>
        <marc:datafield ind1="1" ind2="0" tag="245">
            <marc:subfield code="a">Harry Potter et l'Ordre du Phénix /</marc:subfield>
            <marc:subfield code="c">J.K. Rowling.</marc:subfield>
        </marc:datafield>
        <marc:datafield ind1=" " ind2="1" tag="264">
            <marc:subfield code="a">[Paris] :</marc:subfield>
            <marc:subfield code="b">Gallimard jeunesse,</marc:subfield>
            <marc:subfield code="c">[2016]</marc:subfield>
        </marc:datafield>
        <marc:datafield ind1=" " ind2="4" tag="264">
            <marc:subfield code="c">©2016.</marc:subfield>
        </marc:datafield>
        <marc:datafield ind1=" " ind2=" " tag="300">
            <marc:subfield code="a">4 lydbok (31 t.) :</marc:subfield>
            <marc:subfield code="c">12 cm.</marc:subfield>
        </marc:datafield>
        <marc:datafield ind1=" " ind2=" " tag="336">
            <marc:subfield code="a">spoken word</marc:subfield>
            <marc:subfield code="b">spw</marc:subfield>
            <marc:subfield code="0">http://rdaregistry.info/termList/RDAContentType/1013</marc:subfield>
            <marc:subfield code="2">rdacontent</marc:subfield>
        </marc:datafield>
        <marc:datafield ind1=" " ind2=" " tag="337">
            <marc:subfield code="a">audio</marc:subfield>
            <marc:subfield code="0">http://rdaregistry.info/termList/RDAMediaType/1001</marc:subfield>
            <marc:subfield code="2">rdacontent</marc:subfield>
        </marc:datafield>
        <marc:datafield ind1=" " ind2=" " tag="338">
            <marc:subfield code="a">audiodisc</marc:subfield>
            <marc:subfield code="0">http://rdaregistry.info/termList/RDACarrierType/1004</marc:subfield>
            <marc:subfield code="2">rdacontent</marc:subfield>
        </marc:datafield>
        <marc:datafield ind1=" " ind2=" " tag="344">
            <marc:subfield code="a">numérique</marc:subfield>
            <marc:subfield code="b">optique</marc:subfield>
            <marc:subfield code="g">stéréo</marc:subfield>
            <marc:subfield code="2">rda.</marc:subfield>
        </marc:datafield>
        <marc:datafield ind1=" " ind2=" " tag="347">
            <marc:subfield code="a">fichier audio</marc:subfield>
            <marc:subfield code="b">MP3</marc:subfield>
            <marc:subfield code="2">rda.</marc:subfield>
        </marc:datafield>
        <marc:datafield ind1=" " ind2=" " tag="380">
            <marc:subfield code="a">lydbøker</marc:subfield>
            <marc:subfield code="2">humord</marc:subfield>
        </marc:datafield>
        <marc:datafield ind1="1" ind2=" " tag="490">
            <marc:subfield code="a">Harry Potter ;</marc:subfield>
            <marc:subfield code="v">5.</marc:subfield>
        </marc:datafield>
        <marc:datafield ind1="1" ind2=" " tag="490">
            <marc:subfield code="a">Écoutez lire.</marc:subfield>
        </marc:datafield>
        <marc:datafield ind1="8" ind2=" " tag="520">
            <marc:subfield code="a">Cinquième tome de la saga ayant connu un succès mondial retentissant. Harry est de retour à Poudlard pour sa cinquième année. Cependant, personne n'a pris son témoignage lié à la résurrection de Voldemort au sérieux. Même le professeur Dumbledore semble l'avoir laissé tomber... Le Ministère de la Magie lance alors une grande campagne de désinformation et impose un nouveau régime d'éducation: les jeunes sorciers de Poudlard n'apprendront plus à se défendre contre la magie noire. Harry, révolté par l'injustice dont il est victime, n'a alors plus d'autre choix que de rassembler les quelques amis qui lui sont encore fidèles afin de vaincre les forces du Mal... [SDM]</marc:subfield>
        </marc:datafield>
        <marc:datafield ind1=" " ind2="4" tag="650">
            <marc:subfield code="a">Magi</marc:subfield>
            <marc:subfield code="v">Ungdomslitteratur</marc:subfield>
        </marc:datafield>
        <marc:datafield ind1=" " ind2="4" tag="650">
            <marc:subfield code="a">Trollmenn</marc:subfield>
            <marc:subfield code="v">Ungdomslitteratur</marc:subfield>
        </marc:datafield>
        <marc:datafield ind1=" " ind2="4" tag="650">
            <marc:subfield code="a">Skoler</marc:subfield>
            <marc:subfield code="v">Ungdomslitteratur</marc:subfield>
        </marc:datafield>
        <marc:datafield ind1=" " ind2="4" tag="651">
            <marc:subfield code="a">England</marc:subfield>
            <marc:subfield code="v">Ungdomslitteratur.</marc:subfield>
        </marc:datafield>
        <marc:datafield ind1="1" ind2=" " tag="700">
            <marc:subfield code="a">Collignon-Maurin, Dominique</marc:subfield>
            <marc:subfield code="d">1949-</marc:subfield>
            <marc:subfield code="e">forteller</marc:subfield>
            <marc:subfield code="4">nrt</marc:subfield>
            <marc:subfield code="0">32207028</marc:subfield>
            <marc:subfield code="1">http://viaf.org/viaf/32207028</marc:subfield>
        </marc:datafield>
        <marc:datafield ind1="1" ind2=" " tag="800">
            <marc:subfield code="a">Rowling, J.K.</marc:subfield>
            <marc:subfield code="q">(Joanne Kathleen Rowling)</marc:subfield>
            <marc:subfield code="d">1965-</marc:subfield>
            <marc:subfield code="t">Harry Potter ;</marc:subfield>
            <marc:subfield code="v">5</marc:subfield>
        </marc:datafield>
        <marc:datafield ind1=" " ind2="0" tag="830">
            <marc:subfield code="a">Écoutez lire.</marc:subfield>
        </marc:datafield>
    </marc:record>