
    <marc:record>
        <marc:leader>00656cim a22002538i 4500</marc:leader>
        <marc:controlfield tag="003">LIBRIS</marc:controlfield>
        <marc:controlfield tag="003">LIBRIS</marc:controlfield>
        <marc:controlfield tag="005">20181016090432.0</marc:controlfield>
        <marc:controlfield tag="007">sd |||||||||||</marc:controlfield>
        <marc:controlfield tag="008">050930s2005    sw | ||j|||||||   f swe|d</marc:controlfield>
        <marc:datafield ind1=" " ind2=" " tag="020">
            <marc:subfield code="a">9789179533786</marc:subfield>
            <marc:subfield code="q">CD-plate</marc:subfield>
        </marc:datafield>
        <marc:datafield ind1="0" ind2="0" tag="029">
            <marc:subfield code="a">9987561</marc:subfield>
        </marc:datafield>
        <marc:datafield ind1=" " ind2=" " tag="035">
            <marc:subfield code="a">(BOKR)9789179533786</marc:subfield>
        </marc:datafield>
        <marc:datafield ind1=" " ind2=" " tag="040">
            <marc:subfield code="a">BOKR</marc:subfield>
            <marc:subfield code="e">i</marc:subfield>
        </marc:datafield>
        <marc:datafield ind1=" " ind2=" " tag="041">
            <marc:subfield code="a">swe</marc:subfield>
        </marc:datafield>
        <marc:datafield ind1="1" ind2=" " tag="100">
            <marc:subfield code="a">Lewis, C.S.</marc:subfield>
            <marc:subfield code="q">(Clive Staples)</marc:subfield>
            <marc:subfield code="d">1898-1963</marc:subfield>
            <marc:subfield code="e">forfatter</marc:subfield>
            <marc:subfield code="4">aut</marc:subfield>
            <marc:subfield code="0">22144877</marc:subfield>
            <marc:subfield code="1">http://viaf.org/viaf/22144877</marc:subfield>
        </marc:datafield>
        <marc:datafield ind1="1" ind2="0" tag="240">
            <marc:subfield code="a">Prince Caspian</marc:subfield>
            <marc:subfield code="l">Svensk</marc:subfield>
            <marc:subfield code="0">Q218950</marc:subfield>
            <marc:subfield code="1">https://www.wikidata.org/wiki/Q218950</marc:subfield>
        </marc:datafield>
        <marc:datafield ind1="1" ind2="0" tag="245">
            <marc:subfield code="a">Caspian, prins av Narnia.</marc:subfield>
        </marc:datafield>
        <marc:datafield ind1=" " ind2="1" tag="264">
            <marc:subfield code="b">Bonnier Audio,</marc:subfield>
            <marc:subfield code="c">2005.</marc:subfield>
        </marc:datafield>
        <marc:datafield ind1=" " ind2=" " tag="336">
            <marc:subfield code="a">spoken word</marc:subfield>
            <marc:subfield code="b">spw</marc:subfield>
            <marc:subfield code="0">http://rdaregistry.info/termList/RDAContentType/1013</marc:subfield>
            <marc:subfield code="2">rdacontent</marc:subfield>
        </marc:datafield>
        <marc:datafield ind1=" " ind2=" " tag="337">
            <marc:subfield code="a">audio</marc:subfield>
            <marc:subfield code="0">http://rdaregistry.info/termList/RDAMediaType/1001</marc:subfield>
            <marc:subfield code="2">rdacontent</marc:subfield>
        </marc:datafield>
        <marc:datafield ind1=" " ind2=" " tag="338">
            <marc:subfield code="a">audiodisc</marc:subfield>
            <marc:subfield code="0">http://rdaregistry.info/termList/RDACarrierType/1004</marc:subfield>
            <marc:subfield code="2">rdacontent</marc:subfield>
        </marc:datafield>
        <marc:datafield ind1=" " ind2=" " tag="380">
            <marc:subfield code="a">lydbøker</marc:subfield>
            <marc:subfield code="2">humord</marc:subfield>
        </marc:datafield>
        <marc:datafield ind1="0" ind2=" " tag="440">
            <marc:subfield code="a">Berättelsen om Narnia.</marc:subfield>
        </marc:datafield>
        <marc:datafield ind1=" " ind2="7" tag="655">
            <marc:subfield code="a">Lydbøker</marc:subfield>
        </marc:datafield>
        <marc:datafield ind1="0" ind2="0" tag="653">
            <marc:subfield code="a">Skjønnlitteratur</marc:subfield>
        </marc:datafield>
        <marc:datafield ind1="1" ind2=" " tag="700">
            <marc:subfield code="a">Hammar, Birgitta,</marc:subfield>
            <marc:subfield code="d">1912-2011</marc:subfield>
            <marc:subfield code="e">oversetter</marc:subfield>
            <marc:subfield code="4">trl</marc:subfield>
            <marc:subfield code="0">2455287</marc:subfield>
            <marc:subfield code="1">http://viaf.org/viaf/2455287</marc:subfield>
        </marc:datafield>
        <marc:datafield ind1="1" ind2=" " tag="700">
            <marc:subfield code="a">Wahlund, Torsten</marc:subfield>
            <marc:subfield code="e">forteller</marc:subfield>
            <marc:subfield code="4">nrt</marc:subfield>
            <marc:subfield code="0">9374149108514768780003</marc:subfield>
            <marc:subfield code="1">http://viaf.org/viaf/9374149108514768780003</marc:subfield>
        </marc:datafield>
    </marc:record>