
    <marc:record>
        <marc:leader>01791cam a22002293a 4500</marc:leader>
        <marc:controlfield tag="003">LIBRIS</marc:controlfield>
        <marc:controlfield tag="005">20150316151029.0</marc:controlfield>
        <marc:controlfield tag="007">cr||||||||||||</marc:controlfield>
        <marc:controlfield tag="008">150313snnnn    sw |||| o    |||| f swe d</marc:controlfield>
        <marc:datafield ind1=" " ind2=" " tag="020">
            <marc:subfield code="a">9789163879975</marc:subfield>
        </marc:datafield>
        <marc:datafield ind1="7" ind2=" " tag="024">
            <marc:subfield code="5">GbgE</marc:subfield>
            <marc:subfield code="a">1030277</marc:subfield>
        </marc:datafield>
        <marc:datafield ind1=" " ind2=" " tag="029">
            <marc:subfield code="a">17589701</marc:subfield>
        </marc:datafield>
        <marc:datafield ind1="1" ind2=" " tag="100">
            <marc:subfield code="a">Lewis, C.S.</marc:subfield>
            <marc:subfield code="q">(Clive Staples)</marc:subfield>
            <marc:subfield code="d">1898-1963.</marc:subfield>
            <marc:subfield code="e">forfatter</marc:subfield>
            <marc:subfield code="4">aut</marc:subfield>
            <marc:subfield code="0">22144877</marc:subfield>
            <marc:subfield code="1">http://viaf.org/viaf/22144877</marc:subfield>
        </marc:datafield>
        <marc:datafield ind1="1" ind2="0" tag="240">
            <marc:subfield code="a">Prince Caspian</marc:subfield>
            <marc:subfield code="l">Svensk</marc:subfield>
            <marc:subfield code="0">941329491</marc:subfield>
            <marc:subfield code="1">http://www.worldcat.org/oclc/941329491</marc:subfield>
        </marc:datafield>
        <marc:datafield ind1="1" ind2="0" tag="245">
            <marc:subfield code="a">Caspian, prins av Narnia :</marc:subfield>
            <marc:subfield code="b">Narnia 4.</marc:subfield>
        </marc:datafield>
        <marc:datafield ind1=" " ind2=" " tag="260">
            <marc:subfield code="b">Bonnier Carlsen.</marc:subfield>
        </marc:datafield>
        <marc:datafield ind1=" " ind2=" " tag="336">
            <marc:subfield code="a">text</marc:subfield>
            <marc:subfield code="b">txt</marc:subfield>
            <marc:subfield code="0">http://rdaregistry.info/termList/RDAContentType/1020</marc:subfield>
            <marc:subfield code="2">rdacontent</marc:subfield>
        </marc:datafield>
        <marc:datafield ind1=" " ind2=" " tag="337">
            <marc:subfield code="a">computer</marc:subfield>
            <marc:subfield code="0">http://rdaregistry.info/termList/RDAMediaType/1003</marc:subfield>
            <marc:subfield code="2">rdacontent</marc:subfield>
        </marc:datafield>
        <marc:datafield ind1=" " ind2=" " tag="338">
            <marc:subfield code="a">online resource</marc:subfield>
            <marc:subfield code="0">http://rdaregistry.info/termList/RDACarrierType/1018</marc:subfield>
            <marc:subfield code="2">rdacontent</marc:subfield>
        </marc:datafield>
        <marc:datafield ind1=" " ind2=" " tag="380">
            <marc:subfield code="a">romaner</marc:subfield>
            <marc:subfield code="2">humord</marc:subfield>
        </marc:datafield>
        <marc:datafield ind1=" " ind2=" " tag="520">
            <marc:subfield code="a">"Caspian, prins av Narnia" är del fyra i serien. Den här berättelsen börjar på en järnvägsstation, där syskonen Peter, Susan, Edmund och Lucy sitter och väntar på ett tåg för att resa till skolan. Men plötsligt känns det som om någon drar i dem bakifrån och i nästa ögonblick försvinner hela järnvägsstationen ... I stället står de i ett busksnår. Kan de ha kommit tillbaka till Narnia?Eftersom Narnia har en egen tid, så har det gått hundratals år sedan barnen var där senast. Nu är mycket annorlunda. Människor har erövrat landet och tystat djuren och träden och fördrivit dvärgar och fauner. Av lejonet Aslan ställs barnen inför uppgiften att jaga bort inkräktarna och återföra gammalnarnianernas rättmätige ledare, prins Caspian, på tronen.I sju böcker målar C. S. Lewis upp en fantasivärld, Narnia. I serien ingår titlarna "Min morbror trollkarlen", "Häxan och lejonet", "Hästen och hans pojke", "Caspian, prins av Narnia", "Kung Caspian och skeppet Gryningen", "Silvertronen" och "Den sista striden". Översättare:Birgitta Hammar [Elib]</marc:subfield>
        </marc:datafield>
        <marc:datafield ind1=" " ind2=" " tag="538">
            <marc:subfield code="a">Online EPUB</marc:subfield>
            <marc:subfield code="a">3.29 MB.</marc:subfield>
        </marc:datafield>
        <marc:datafield ind1=" " ind2=" " tag="538">
            <marc:subfield code="a">Offline EPUB med Adobe-kryptering</marc:subfield>
            <marc:subfield code="a">3.29 MB.</marc:subfield>
        </marc:datafield>
        <marc:datafield ind1=" " ind2="4" tag="655">
            <marc:subfield code="a">E-bøker</marc:subfield>
        </marc:datafield>
        <marc:datafield ind1=" " ind2="4" tag="655">
            <marc:subfield code="a">Fantasy og Sci-fi</marc:subfield>
        </marc:datafield>
        <marc:datafield ind1="1" ind2=" " tag="700">
            <marc:subfield code="a">Hammar, Birgitta,</marc:subfield>
            <marc:subfield code="d">1912-2011</marc:subfield>
            <marc:subfield code="e">oversetter</marc:subfield>
            <marc:subfield code="4">trl.</marc:subfield>
            <marc:subfield code="0">2455287</marc:subfield>
            <marc:subfield code="1">http://viaf.org/viaf/2455287</marc:subfield>
        </marc:datafield>
    </marc:record>