
    <marc:record>
        <marc:leader>02347cam a22003378i 4500</marc:leader>
        <marc:controlfield tag="003">LIBRIS</marc:controlfield>
        <marc:controlfield tag="005">20181016090912.0</marc:controlfield>
        <marc:controlfield tag="007">cr |||   |||||</marc:controlfield>
        <marc:controlfield tag="008">161118s2017    sw ||||jo|||||000 1|swe|d</marc:controlfield>
        <marc:datafield ind1=" " ind2=" " tag="020">
            <marc:subfield code="a">9789163894268</marc:subfield>
            <marc:subfield code="q">EPUB</marc:subfield>
        </marc:datafield>
        <marc:datafield ind1="7" ind2=" " tag="024">
            <marc:subfield code="5">GbgE</marc:subfield>
            <marc:subfield code="a">1043433</marc:subfield>
        </marc:datafield>
        <marc:datafield ind1=" " ind2=" " tag="029">
            <marc:subfield code="a">19868349</marc:subfield>
        </marc:datafield>
        <marc:datafield ind1="1" ind2=" " tag="100">
            <marc:subfield code="a">Lewis, C.S.</marc:subfield>
            <marc:subfield code="q">(Clive Staples)</marc:subfield>
            <marc:subfield code="d">1898-1963</marc:subfield>
            <marc:subfield code="e">forfatter</marc:subfield>
            <marc:subfield code="4">aut</marc:subfield>
            <marc:subfield code="0">22144877</marc:subfield>
            <marc:subfield code="1">http://viaf.org/viaf/22144877</marc:subfield>
        </marc:datafield>
        <marc:datafield ind1="1" ind2="4" tag="240">
            <marc:subfield code="a">The Silver Chair</marc:subfield>
            <marc:subfield code="l">Svensk</marc:subfield>
            <marc:subfield code="0">941332180</marc:subfield>
            <marc:subfield code="1">http://www.worldcat.org/oclc/941332180</marc:subfield>
        </marc:datafield>
        <marc:datafield ind1="1" ind2="0" tag="245">
            <marc:subfield code="a">Silvertronen</marc:subfield>
        </marc:datafield>
        <marc:datafield ind1=" " ind2=" " tag="300">
            <marc:subfield code="a">239 s. ;</marc:subfield>
            <marc:subfield code="a">200 s. ;</marc:subfield>
            <marc:subfield code="b">ill.</marc:subfield>
        </marc:datafield>
        <marc:datafield ind1=" " ind2=" " tag="336">
            <marc:subfield code="a">text</marc:subfield>
            <marc:subfield code="b">txt</marc:subfield>
            <marc:subfield code="0">http://rdaregistry.info/termList/RDAContentType/1020</marc:subfield>
            <marc:subfield code="2">rdacontent</marc:subfield>
        </marc:datafield>
        <marc:datafield ind1=" " ind2=" " tag="337">
            <marc:subfield code="a">computer</marc:subfield>
            <marc:subfield code="0">http://rdaregistry.info/termList/RDAMediaType/1003</marc:subfield>
            <marc:subfield code="2">rdacontent</marc:subfield>
        </marc:datafield>
        <marc:datafield ind1=" " ind2=" " tag="338">
            <marc:subfield code="a">online resource</marc:subfield>
            <marc:subfield code="0">http://rdaregistry.info/termList/RDACarrierType/1018</marc:subfield>
            <marc:subfield code="2">rdacontent</marc:subfield>
        </marc:datafield>
        <marc:datafield ind1=" " ind2=" " tag="380">
            <marc:subfield code="a">romaner</marc:subfield>
            <marc:subfield code="2">humord</marc:subfield>
        </marc:datafield>
        <marc:datafield ind1="0" ind2=" " tag="490">
            <marc:subfield code="a">Berättelsen om Narnia.</marc:subfield>
        </marc:datafield>
        <marc:datafield ind1=" " ind2=" " tag="520">
            <marc:subfield code="a">[ÖVER 100 MILJONER BÖCKER SÅLDALäs C.S. Lewis älskade böcker om landet Narnia.  Utgåvan har nya omslag med detaljer från Pauline Baynes originalbilder som väcker samlaren i dig! Låt en ny generation bokslukare upptäcka landet Narnia eller varför inte ta chansen att själv återvända genom klädskåpet och träffa syskonen Pevensie, det stolta lejonet Aslan, faunen Herr Tumnus och många många fler kära återseenden."- Skynda dig! sa Eustace. Håll mig i handen. Vi måste hålla ihop. Och innan Jill förstod vad som hände hade han dragit henne med sig genom porten, bort från skolan, bort från England, bort från hela vår värld till Det Där Landet - Narnia."Eustace och hans skolkamrat Jill kommer till Narnia kallade av dess skapare, lejonet Aslan, för att ge sig ut på ett svårt och farofyllt uppdrag. De ska leta reda på landets tronföljare, prins Rilian, som länge varit försvunnen. Många har försökt - ingen har lyckats. Hur ska Eustace och Jill klara det?”Magin i C.S. Lewis parallelluniversum bleknar aldrig.” The TimesIllustratör: Pauline Baynes [Elib]</marc:subfield>
        </marc:datafield>
        <marc:datafield ind1=" " ind2=" " tag="538">
            <marc:subfield code="a">Online epub (3.51 MB)</marc:subfield>
            <marc:subfield code="a">Offline epub med Adobe-kryptering (3.51 MB)</marc:subfield>
        </marc:datafield>
        <marc:datafield ind1=" " ind2="4" tag="655">
            <marc:subfield code="0">https://id.kb.se/marc/FictionNotFurtherSpecified.</marc:subfield>
        </marc:datafield>
        <marc:datafield ind1=" " ind2="4" tag="655">
            <marc:subfield code="a">E-bøker</marc:subfield>
        </marc:datafield>
        <marc:datafield ind1=" " ind2="4" tag="655">
            <marc:subfield code="0">https://id.kb.se/marc/NotFictionNotFurtherSpecified.</marc:subfield>
        </marc:datafield>
        <marc:datafield ind1=" " ind2="4" tag="655">
            <marc:subfield code="a">9-12 år</marc:subfield>
        </marc:datafield>
        <marc:datafield ind1="1" ind2=" " tag="700">
            <marc:subfield code="a">Hammar, Birgitta,</marc:subfield>
            <marc:subfield code="d">1912-2011</marc:subfield>
            <marc:subfield code="e">oversetter</marc:subfield>
            <marc:subfield code="4">trl.</marc:subfield>
            <marc:subfield code="0">2455287</marc:subfield>
            <marc:subfield code="1">http://viaf.org/viaf/2455287</marc:subfield>
        </marc:datafield>
        <marc:datafield ind1="1" ind2=" " tag="700">
            <marc:subfield code="a">Baynes, Pauline</marc:subfield>
            <marc:subfield code="d">1922-2008</marc:subfield>
            <marc:subfield code="e">illustratør</marc:subfield>
            <marc:subfield code="4">ill</marc:subfield>
            <marc:subfield code="0">101872923</marc:subfield>
            <marc:subfield code="1">http://viaf.org/viaf/101872923</marc:subfield>
        </marc:datafield>
        <marc:datafield ind1="4" ind2="2" tag="856">
            <marc:subfield code="u">https://images.elib.se/cover/1043433/1043433_201806040948.jpg</marc:subfield>
            <marc:subfield code="z">Omslagsbild</marc:subfield>
        </marc:datafield>
    </marc:record>