
    <marc:record>
        <marc:leader>02180cam a2200469 a 4500</marc:leader>
        <marc:controlfield tag="003">LIBRIS</marc:controlfield>
        <marc:controlfield tag="003">LIBRIS</marc:controlfield>
        <marc:controlfield tag="005">20160901123613.0</marc:controlfield>
        <marc:controlfield tag="008">990909s1999    sw     j      000 1 swe  </marc:controlfield>
        <marc:datafield ind1=" " ind2=" " tag="020">
            <marc:subfield code="a">9163837455 (inb.) ;</marc:subfield>
        </marc:datafield>
        <marc:datafield ind1="0" ind2="0" tag="029">
            <marc:subfield code="a">7458679</marc:subfield>
        </marc:datafield>
        <marc:datafield ind1=" " ind2=" " tag="035">
            <marc:subfield code="9">9163837455</marc:subfield>
        </marc:datafield>
        <marc:datafield ind1=" " ind2=" " tag="040">
            <marc:subfield code="a">NB</marc:subfield>
        </marc:datafield>
        <marc:datafield ind1="1" ind2=" " tag="041">
            <marc:subfield code="a">swe</marc:subfield>
            <marc:subfield code="h">eng</marc:subfield>
        </marc:datafield>
        <marc:datafield ind1=" " ind2=" " tag="042">
            <marc:subfield code="9">NB</marc:subfield>
            <marc:subfield code="9">SEE</marc:subfield>
        </marc:datafield>
        <marc:datafield ind1="1" ind2=" " tag="100">
            <marc:subfield code="a">Lewis, C.S.</marc:subfield>
            <marc:subfield code="q">(Clive Staples),</marc:subfield>
            <marc:subfield code="d">1898-1963</marc:subfield>
            <marc:subfield code="e">forfatter</marc:subfield>
            <marc:subfield code="4">aut</marc:subfield>
            <marc:subfield code="0">22144877</marc:subfield>
            <marc:subfield code="1">http://viaf.org/viaf/22144877</marc:subfield>
        </marc:datafield>
        <marc:datafield ind1="1" ind2="4" tag="240">
            <marc:subfield code="a">The chronicles of Narnia</marc:subfield>
            <marc:subfield code="l">Svensk</marc:subfield>
            <marc:subfield code="0">Q483412</marc:subfield>
            <marc:subfield code="1">https://www.wikidata.org/wiki/Q483412</marc:subfield>
        </marc:datafield>
        <marc:datafield ind1="0" ind2="0" tag="245">
            <marc:subfield code="a">Berättelsen om Narnia :</marc:subfield>
            <marc:subfield code="b">de sju böckerna /</marc:subfield>
            <marc:subfield code="c">C.S. Lewis ; med färgillustrationer av Pauline Baynes ; [svensk översättning av Britt G. Hallqvist, Birgitta Hammar]</marc:subfield>
        </marc:datafield>
        <marc:datafield ind1=" " ind2=" " tag="260">
            <marc:subfield code="a">Stockholm :</marc:subfield>
            <marc:subfield code="b">Bonnier Carlsen,</marc:subfield>
            <marc:subfield code="c">1999 ;</marc:subfield>
            <marc:subfield code="e">(Italien)</marc:subfield>
        </marc:datafield>
        <marc:datafield ind1=" " ind2=" " tag="300">
            <marc:subfield code="a">523, [3] s. ;</marc:subfield>
            <marc:subfield code="b">ill. kol. ;</marc:subfield>
            <marc:subfield code="c">29 cm.</marc:subfield>
        </marc:datafield>
        <marc:datafield ind1=" " ind2=" " tag="336">
            <marc:subfield code="a">text</marc:subfield>
            <marc:subfield code="b">txt</marc:subfield>
            <marc:subfield code="0">http://rdaregistry.info/termList/RDAContentType/1020</marc:subfield>
            <marc:subfield code="2">rdacontent</marc:subfield>
        </marc:datafield>
        <marc:datafield ind1=" " ind2=" " tag="337">
            <marc:subfield code="a">unmediated</marc:subfield>
            <marc:subfield code="0">http://rdaregistry.info/termList/RDAMediaType/1007</marc:subfield>
            <marc:subfield code="2">rdacontent</marc:subfield>
        </marc:datafield>
        <marc:datafield ind1=" " ind2=" " tag="338">
            <marc:subfield code="a">volume</marc:subfield>
            <marc:subfield code="0">http://rdaregistry.info/termList/RDACarrierType/1049</marc:subfield>
            <marc:subfield code="2">rdacontent</marc:subfield>
        </marc:datafield>
        <marc:datafield ind1=" " ind2=" " tag="380">
            <marc:subfield code="a">romaner</marc:subfield>
            <marc:subfield code="2">humord</marc:subfield>
        </marc:datafield>
        <marc:datafield ind1="8" ind2=" " tag="505">
            <marc:subfield code="a">Innehåll: Min morbror trollkarlen ; Häxan och lejonet ; Hästen och hans pojke ; Caspian, prins av Narnia ; Kung Caspian och skeppet Gryningen ; Silvertronen ; Den sista striden.</marc:subfield>
        </marc:datafield>
        <marc:datafield ind1=" " ind2=" " tag="500">
            <marc:subfield code="a">Tidigare utg. i separata vol.</marc:subfield>
        </marc:datafield>
        <marc:datafield ind1=" " ind2=" " tag="500">
            <marc:subfield code="a">Första svenska uppl. 1958, 1959, 1975, 1961, 1963, 1965 och 1976. Första uppl. i denna version 1999.</marc:subfield>
        </marc:datafield>
        <marc:datafield ind1=" " ind2=" " tag="500">
            <marc:subfield code="a">Även med tryckår: [Ny tr.], 2000 ; [Ny tr.], 2003 ; [Ny tr.], 2004.</marc:subfield>
        </marc:datafield>
        <marc:datafield ind1=" " ind2="0" tag="653">
            <marc:subfield code="a">Skjønnlitteratur</marc:subfield>
        </marc:datafield>
        <marc:datafield ind1="1" ind2=" " tag="700">
            <marc:subfield code="a">Baynes, Pauline</marc:subfield>
            <marc:subfield code="d">1922-2008</marc:subfield>
            <marc:subfield code="e">illustratør</marc:subfield>
            <marc:subfield code="4">ill</marc:subfield>
            <marc:subfield code="0">101872923</marc:subfield>
            <marc:subfield code="1">http://viaf.org/viaf/101872923</marc:subfield>
        </marc:datafield>
        <marc:datafield ind1="1" ind2="2" tag="700">
            <marc:subfield code="a">Lewis, C.S.</marc:subfield>
            <marc:subfield code="q">(Clive Staples)</marc:subfield>
            <marc:subfield code="d">1898-1963.</marc:subfield>
            <marc:subfield code="t">Min morbror trollkarlen.</marc:subfield>
            <marc:subfield code="0">Q477831</marc:subfield>
            <marc:subfield code="1">https://www.wikidata.org/wiki/Q477831</marc:subfield>
        </marc:datafield>
        <marc:datafield ind1="1" ind2="2" tag="700">
            <marc:subfield code="a">Lewis, C.S.</marc:subfield>
            <marc:subfield code="q">(Clive Staples),</marc:subfield>
            <marc:subfield code="d">1898-1963.</marc:subfield>
            <marc:subfield code="t">Häxan och lejonet.</marc:subfield>
            <marc:subfield code="0">Q485093</marc:subfield>
            <marc:subfield code="1">https://www.wikidata.org/wiki/Q485093</marc:subfield>
        </marc:datafield>
        <marc:datafield ind1="1" ind2="2" tag="700">
            <marc:subfield code="a">Lewis, C.S.</marc:subfield>
            <marc:subfield code="q">(Clive Staples),</marc:subfield>
            <marc:subfield code="d">1898-1963.</marc:subfield>
            <marc:subfield code="t">Hästen och hans pojke.</marc:subfield>
            <marc:subfield code="0">Q157360</marc:subfield>
            <marc:subfield code="1">https://www.wikidata.org/wiki/Q157360</marc:subfield>
        </marc:datafield>
        <marc:datafield ind1="1" ind2="2" tag="700">
            <marc:subfield code="a">Lewis, C.S.</marc:subfield>
            <marc:subfield code="q">(Clive Staples),</marc:subfield>
            <marc:subfield code="d">1898-1963.</marc:subfield>
            <marc:subfield code="t">Caspian, prins av Narnia.</marc:subfield>
            <marc:subfield code="0">Q218950</marc:subfield>
            <marc:subfield code="1">https://www.wikidata.org/wiki/Q218950</marc:subfield>
        </marc:datafield>
        <marc:datafield ind1="1" ind2="2" tag="700">
            <marc:subfield code="a">Lewis, C.S.</marc:subfield>
            <marc:subfield code="q">(Clive Staples),</marc:subfield>
            <marc:subfield code="d">1898-1963.</marc:subfield>
            <marc:subfield code="t">Kung Caspian och skeppet Gryningen.</marc:subfield>
            <marc:subfield code="0">Q331656</marc:subfield>
            <marc:subfield code="1">https://www.wikidata.org/wiki/Q331656</marc:subfield>
        </marc:datafield>
        <marc:datafield ind1="1" ind2="2" tag="700">
            <marc:subfield code="a">Lewis, C.S.</marc:subfield>
            <marc:subfield code="q">(Clive Staples),</marc:subfield>
            <marc:subfield code="d">1898-1963.</marc:subfield>
            <marc:subfield code="t">Silvertronen.</marc:subfield>
            <marc:subfield code="0">Q331669</marc:subfield>
            <marc:subfield code="1">https://www.wikidata.org/wiki/Q331669</marc:subfield>
        </marc:datafield>
        <marc:datafield ind1="1" ind2="2" tag="700">
            <marc:subfield code="a">Lewis, C.S.</marc:subfield>
            <marc:subfield code="q">(Clive Staples),</marc:subfield>
            <marc:subfield code="d">1898-1963.</marc:subfield>
            <marc:subfield code="t">Den sista striden.</marc:subfield>
            <marc:subfield code="0">Q289130</marc:subfield>
            <marc:subfield code="1">https://www.wikidata.org/wiki/Q289130</marc:subfield>
        </marc:datafield>
        <marc:datafield ind1="1" ind2=" " tag="700">
            <marc:subfield code="a">Hallqvist, Britt G.,</marc:subfield>
            <marc:subfield code="d">1914-1997</marc:subfield>
            <marc:subfield code="e">oversetter</marc:subfield>
            <marc:subfield code="4">trl</marc:subfield>
            <marc:subfield code="0">69036967</marc:subfield>
            <marc:subfield code="1">http://viaf.org/viaf/69036967</marc:subfield>
        </marc:datafield>
        <marc:datafield ind1="1" ind2=" " tag="700">
            <marc:subfield code="a">Hammar, Birgitta,</marc:subfield>
            <marc:subfield code="d">1912-2011</marc:subfield>
            <marc:subfield code="e">oversetter</marc:subfield>
            <marc:subfield code="4">trl.</marc:subfield>
            <marc:subfield code="0">2455287</marc:subfield>
            <marc:subfield code="1">http://viaf.org/viaf/2455287</marc:subfield>
        </marc:datafield>
        <marc:datafield ind1="0" ind2=" " tag="740">
            <marc:subfield code="a">Min morbror trollkarlen.</marc:subfield>
        </marc:datafield>
        <marc:datafield ind1="0" ind2=" " tag="740">
            <marc:subfield code="a">Häxan och lejonet.</marc:subfield>
        </marc:datafield>
        <marc:datafield ind1="0" ind2=" " tag="740">
            <marc:subfield code="a">Hästen och hans pojke.</marc:subfield>
        </marc:datafield>
        <marc:datafield ind1="0" ind2=" " tag="740">
            <marc:subfield code="a">Caspian, prins av Narnia.</marc:subfield>
        </marc:datafield>
        <marc:datafield ind1="0" ind2=" " tag="740">
            <marc:subfield code="a">Kung Caspian och skeppet Gryningen.</marc:subfield>
        </marc:datafield>
        <marc:datafield ind1="0" ind2=" " tag="740">
            <marc:subfield code="a">Silvertronen.</marc:subfield>
        </marc:datafield>
        <marc:datafield ind1="4" ind2=" " tag="740">
            <marc:subfield code="a">Den sista striden.</marc:subfield>
        </marc:datafield>
    </marc:record>