
    <marc:record>
        <marc:leader>00806cimsa2200229ba 4500</marc:leader>
        <marc:controlfield tag="008">040908         sw     j            swe  </marc:controlfield>
        <marc:datafield ind1="0" ind2="0" tag="020">
            <marc:subfield code="a">91-7953-220-9</marc:subfield>
        </marc:datafield>
        <marc:datafield ind1="4" ind2="0" tag="024">
            <marc:subfield code="e">Bonnier Audio</marc:subfield>
            <marc:subfield code="g">IFCD 145</marc:subfield>
        </marc:datafield>
        <marc:datafield ind1="7" ind2=" " tag="027">
            <marc:subfield code="a">04121559</marc:subfield>
        </marc:datafield>
        <marc:datafield ind1="1" ind2="0" tag="041">
            <marc:subfield code="a">swe</marc:subfield>
            <marc:subfield code="h">eng</marc:subfield>
        </marc:datafield>
        <marc:datafield ind1="1" ind2=" " tag="100">
            <marc:subfield code="a">Lewis, C.S.</marc:subfield>
            <marc:subfield code="q">(Clive Staples),</marc:subfield>
            <marc:subfield code="d">1898-1963.</marc:subfield>
            <marc:subfield code="e">forfatter</marc:subfield>
            <marc:subfield code="4">aut</marc:subfield>
            <marc:subfield code="0">22144877</marc:subfield>
            <marc:subfield code="1">http://viaf.org/viaf/22144877</marc:subfield>
        </marc:datafield>
        <marc:datafield ind1="1" ind2="0" tag="240">
            <marc:subfield code="a">Prince Caspian</marc:subfield>
            <marc:subfield code="l">Svensk</marc:subfield>
            <marc:subfield code="0">773680985</marc:subfield>
            <marc:subfield code="1">http://www.worldcat.org/oclc/773680985</marc:subfield>
        </marc:datafield>
        <marc:datafield ind1="1" ind2="0" tag="245">
            <marc:subfield code="a">Caspian, prins av Narnia /</marc:subfield>
            <marc:subfield code="c">C. S. Lewis ; översättning: Birgitta Hammar.</marc:subfield>
        </marc:datafield>
        <marc:datafield ind1="0" ind2=" " tag="260">
            <marc:subfield code="a">Stockholm :</marc:subfield>
            <marc:subfield code="b">Bonnier Audio,</marc:subfield>
            <marc:subfield code="c">p 2004.</marc:subfield>
        </marc:datafield>
        <marc:datafield ind1=" " ind2=" " tag="300">
            <marc:subfield code="f">5 CD :</marc:subfield>
            <marc:subfield code="a">(ca 5 tim.)</marc:subfield>
        </marc:datafield>
        <marc:datafield ind1=" " ind2=" " tag="300">
            <marc:subfield code="n">Ljudbok.</marc:subfield>
        </marc:datafield>
        <marc:datafield ind1=" " ind2=" " tag="336">
            <marc:subfield code="a">spoken word</marc:subfield>
            <marc:subfield code="b">spw</marc:subfield>
            <marc:subfield code="0">http://rdaregistry.info/termList/RDAContentType/1013</marc:subfield>
            <marc:subfield code="2">rdacontent</marc:subfield>
        </marc:datafield>
        <marc:datafield ind1=" " ind2=" " tag="337">
            <marc:subfield code="a">audio</marc:subfield>
            <marc:subfield code="0">http://rdaregistry.info/termList/RDAMediaType/1001</marc:subfield>
            <marc:subfield code="2">rdacontent</marc:subfield>
        </marc:datafield>
        <marc:datafield ind1=" " ind2=" " tag="338">
            <marc:subfield code="a">audiodisc</marc:subfield>
            <marc:subfield code="0">http://rdaregistry.info/termList/RDACarrierType/1004</marc:subfield>
            <marc:subfield code="2">rdacontent</marc:subfield>
        </marc:datafield>
        <marc:datafield ind1=" " ind2=" " tag="380">
            <marc:subfield code="a">lydbøker</marc:subfield>
            <marc:subfield code="2">humord</marc:subfield>
        </marc:datafield>
        <marc:datafield ind1="1" ind2="0" tag="440">
            <marc:subfield code="a">Berättelsen om Narnia.</marc:subfield>
        </marc:datafield>
        <marc:datafield ind1="2" ind2=" " tag="500">
            <marc:subfield code="a">Angående författarens härmed sammanhängande verk se: Min morbror trollkarlen.</marc:subfield>
        </marc:datafield>
        <marc:datafield ind1="3" ind2=" " tag="500">
            <marc:subfield code="a">Ljudbok CD.</marc:subfield>
        </marc:datafield>
        <marc:datafield ind1="3" ind2=" " tag="511">
            <marc:subfield code="a">Inläsare: Torsten Wahlund.</marc:subfield>
        </marc:datafield>
        <marc:datafield ind1=" " ind2=" " tag="653">
            <marc:subfield code="a">Skjønnlitteratur</marc:subfield>
        </marc:datafield>
    </marc:record>