
    <marc:record>
        <marc:leader>02064cgm a22003257a 4500</marc:leader>
        <marc:controlfield tag="003">LIBRIS</marc:controlfield>
        <marc:controlfield tag="003">LIBRIS</marc:controlfield>
        <marc:controlfield tag="005">20171122170105.0</marc:controlfield>
        <marc:controlfield tag="007">vd |v||||</marc:controlfield>
        <marc:controlfield tag="008">161124s2017    sw 129 j|||||||   m|eng|c</marc:controlfield>
        <marc:datafield ind1="3" ind2=" " tag="024">
            <marc:subfield code="a">7340112735432</marc:subfield>
        </marc:datafield>
        <marc:datafield ind1="0" ind2="0" tag="029">
            <marc:subfield code="a">19884284</marc:subfield>
        </marc:datafield>
        <marc:datafield ind1=" " ind2=" " tag="035">
            <marc:subfield code="a">ForlagEttFP90279626</marc:subfield>
        </marc:datafield>
        <marc:datafield ind1=" " ind2=" " tag="040">
            <marc:subfield code="d">Pite</marc:subfield>
            <marc:subfield code="e">a</marc:subfield>
        </marc:datafield>
        <marc:datafield ind1=" " ind2=" " tag="041">
            <marc:subfield code="a">eng</marc:subfield>
            <marc:subfield code="a">spa</marc:subfield>
            <marc:subfield code="a">cat</marc:subfield>
            <marc:subfield code="a">hin</marc:subfield>
            <marc:subfield code="j">swe</marc:subfield>
            <marc:subfield code="j">dan</marc:subfield>
            <marc:subfield code="j">nor</marc:subfield>
            <marc:subfield code="j">fin</marc:subfield>
            <marc:subfield code="j">ice</marc:subfield>
            <marc:subfield code="j">eng</marc:subfield>
            <marc:subfield code="j">spa</marc:subfield>
            <marc:subfield code="j">gre</marc:subfield>
        </marc:datafield>
        <marc:datafield ind1="1" ind2=" " tag="130">
            <marc:subfield code="a">Fantastic beasts and where to find them</marc:subfield>
            <marc:subfield code="1">https://www.imdb.com/title/tt3183660/</marc:subfield>
        </marc:datafield>
        <marc:datafield ind1="1" ind2="0" tag="245">
            <marc:subfield code="a">Fantastic beasts and where to find them :</marc:subfield>
            <marc:subfield code="c">directed by David Yates ; written by J. K. Rowling ; produced by David Heyman ..</marc:subfield>
        </marc:datafield>
        <marc:datafield ind1="1" ind2="1" tag="246">
            <marc:subfield code="a">Fantastiska vidunder och var man hittar dem.</marc:subfield>
        </marc:datafield>
        <marc:datafield ind1=" " ind2="1" tag="264">
            <marc:subfield code="a">Solna :</marc:subfield>
            <marc:subfield code="b">Twentieth Century Fox Home Entertainment,</marc:subfield>
            <marc:subfield code="c">2017.</marc:subfield>
        </marc:datafield>
        <marc:datafield ind1=" " ind2=" " tag="300">
            <marc:subfield code="a">1 DVD-video (2 tim., 9 min.)</marc:subfield>
        </marc:datafield>
        <marc:datafield ind1=" " ind2=" " tag="336">
            <marc:subfield code="a">two-dimensional moving image</marc:subfield>
            <marc:subfield code="b">tdi</marc:subfield>
            <marc:subfield code="0">http://rdaregistry.info/termList/RDAContentType/1023</marc:subfield>
            <marc:subfield code="2">rdacontent</marc:subfield>
        </marc:datafield>
        <marc:datafield ind1=" " ind2=" " tag="337">
            <marc:subfield code="a">video</marc:subfield>
            <marc:subfield code="0">http://rdaregistry.info/termList/RDAMediaType/1008</marc:subfield>
            <marc:subfield code="2">rdacontent</marc:subfield>
        </marc:datafield>
        <marc:datafield ind1=" " ind2=" " tag="338">
            <marc:subfield code="a">videodisc</marc:subfield>
            <marc:subfield code="0">http://rdaregistry.info/termList/RDACarrierType/1060</marc:subfield>
            <marc:subfield code="2">rdacontent</marc:subfield>
        </marc:datafield>
        <marc:datafield ind1=" " ind2=" " tag="380">
            <marc:subfield code="a">spillefilmer</marc:subfield>
            <marc:subfield code="2">humord</marc:subfield>
        </marc:datafield>
        <marc:datafield ind1="8" ind2=" " tag="505">
            <marc:subfield code="a">Extramaterial: The magizoologist ; Meet the fantastic beasts.</marc:subfield>
        </marc:datafield>
        <marc:datafield ind1="0" ind2=" " tag="511">
            <marc:subfield code="a">Skådespelare: Eddie Redmaine, Katherine Waterston, Dan Fogler, Ezra Miller, Colin Farrell ...</marc:subfield>
        </marc:datafield>
        <marc:datafield ind1=" " ind2=" " tag="520">
            <marc:subfield code="a">[Under ett uppdrag att dokumentera magiska varelser anländer magizoologen Newt Scamander till New York. Där ställer några förrymda vidunder som var i professor Scamanders vård och den besvärlige mugglaren Jacob Kowalski till problem som allvarligt kan påverka både trollkarlarnas och mugglarnas värld. En film efter manus av av J.K Rowling, författaren till böckerna om Harry Potter. Historien utspelar sig sjuttio år före Harry Potters äventyr och bygger på den bok av Professor Scamander som är obligatorisk läsning för alla förstårselever på Hogwarts. [ForlagEtt]</marc:subfield>
        </marc:datafield>
        <marc:datafield ind1=" " ind2=" " tag="521">
            <marc:subfield code="a">Rek. ålder från 11 år.</marc:subfield>
        </marc:datafield>
        <marc:datafield ind1=" " ind2=" " tag="546">
            <marc:subfield code="a">Tal på engelska, dubbad till spanska, katalanska, hindi. Textad på svenska, danska, norska, finska, isländska, spanska, grekiska, engelska för hörselskadade. Syntolkning på engelska.</marc:subfield>
        </marc:datafield>
        <marc:datafield ind1=" " ind2="7" tag="655">
            <marc:subfield code="a">Barn- og familiefilmer</marc:subfield>
        </marc:datafield>
        <marc:datafield ind1=" " ind2="7" tag="655">
            <marc:subfield code="a">Langfilmer</marc:subfield>
        </marc:datafield>
        <marc:datafield ind1="1" ind2=" " tag="700">
            <marc:subfield code="a">Yates, David</marc:subfield>
            <marc:subfield code="d">1963-</marc:subfield>
            <marc:subfield code="e">filmregissør</marc:subfield>
            <marc:subfield code="4">fmd</marc:subfield>
            <marc:subfield code="1">https://www.imdb.com/name/nm0946734/</marc:subfield>
        </marc:datafield>
        <marc:datafield ind1="1" ind2=" " tag="700">
            <marc:subfield code="a">Rowling, J.K.</marc:subfield>
            <marc:subfield code="q">(Joanne Kathleen)</marc:subfield>
            <marc:subfield code="d">1965-</marc:subfield>
            <marc:subfield code="e">manusforfatter</marc:subfield>
            <marc:subfield code="4">aus</marc:subfield>
            <marc:subfield code="0">116796842</marc:subfield>
            <marc:subfield code="1">http://viaf.org/viaf/116796842</marc:subfield>
        </marc:datafield>
        <marc:datafield ind1="1" ind2=" " tag="700">
            <marc:subfield code="a">Heyman, David</marc:subfield>
            <marc:subfield code="d">1961-</marc:subfield>
            <marc:subfield code="e">produsent</marc:subfield>
            <marc:subfield code="4">pro</marc:subfield>
            <marc:subfield code="1">https://www.imdb.com/name/nm0382268/</marc:subfield>
        </marc:datafield>
        <marc:datafield ind1="1" ind2="2" tag="700">
            <marc:subfield code="a">Rowling, J.K.</marc:subfield>
            <marc:subfield code="d">1965-</marc:subfield>
            <marc:subfield code="i">is adapted as motion picture work</marc:subfield>
            <marc:subfield code="t">Fantastic beasts and where to find them</marc:subfield>
            <marc:subfield code="1">https://www.wikidata.org/wiki/Q194424</marc:subfield>
            <marc:subfield code="4">http://rdaregistry.info/Elements/w/adaptedAsMotionPictureWork.en</marc:subfield>
        </marc:datafield>
    </marc:record>