
    <marc:record>
        <marc:leader>00677njm a22002050  450 </marc:leader>
        <marc:controlfield tag="001">03676994</marc:controlfield>
        <marc:controlfield tag="005">19840515000000.0</marc:controlfield>
        <marc:controlfield tag="007">s|||||||||||||</marc:controlfield>
        <marc:controlfield tag="008">000000|        xx                | und d</marc:controlfield>
        <marc:datafield ind1="1" ind2=" " tag="100">
            <marc:subfield code="a">Robles, Marisa</marc:subfield>
            <marc:subfield code="d">1937-</marc:subfield>
            <marc:subfield code="e">komponist</marc:subfield>
            <marc:subfield code="4">cmp</marc:subfield>
            <marc:subfield code="0">6c65de8c-f488-4b88-989d-f8cddb415c6c</marc:subfield>
            <marc:subfield code="1">https://musicbrainz.org/artist/6c65de8c-f488-4b88-989d-f8cddb415c6c</marc:subfield>
        </marc:datafield>
        <marc:datafield ind1="1" ind2="0" tag="240">
            <marc:subfield code="a">Narnia-suite</marc:subfield>
            <marc:subfield code="0">173204588</marc:subfield>
            <marc:subfield code="1">http://www.worldcat.org/oclc/173204588</marc:subfield>
        </marc:datafield>
        <marc:datafield ind1="1" ind2="0" tag="245">
            <marc:subfield code="a">Narnia-suite /</marc:subfield>
            <marc:subfield code="c">Marisa Robles, harpeensemble ; Christopher Hyde-Smith, fløjte.</marc:subfield>
        </marc:datafield>
        <marc:datafield ind1=" " ind2=" " tag="260">
            <marc:subfield code="b">ASV.</marc:subfield>
        </marc:datafield>
        <marc:datafield ind1=" " ind2=" " tag="300">
            <marc:subfield code="a">1 grammofonplate :</marc:subfield>
            <marc:subfield code="b">Stereo, digitalt opptak ;</marc:subfield>
            <marc:subfield code="c">30 cm.</marc:subfield>
        </marc:datafield>
        <marc:datafield ind1=" " ind2=" " tag="336">
            <marc:subfield code="a">performed music</marc:subfield>
            <marc:subfield code="b">prm</marc:subfield>
            <marc:subfield code="0">http://rdaregistry.info/termList/RDAContentType/1011</marc:subfield>
            <marc:subfield code="2">rdacontent</marc:subfield>
        </marc:datafield>
        <marc:datafield ind1=" " ind2=" " tag="337">
            <marc:subfield code="a">audio</marc:subfield>
            <marc:subfield code="0">http://rdaregistry.info/termList/RDAMediaType/1001</marc:subfield>
            <marc:subfield code="2">rdacontent</marc:subfield>
        </marc:datafield>
        <marc:datafield ind1=" " ind2=" " tag="338">
            <marc:subfield code="a">audio disc</marc:subfield>
            <marc:subfield code="0">http://rdaregistry.info/termList/RDACarrierType/1004</marc:subfield>
            <marc:subfield code="2">rdacontent</marc:subfield>
        </marc:datafield>
        <marc:datafield ind1=" " ind2=" " tag="380">
            <marc:subfield code="a">musikkverker</marc:subfield>
            <marc:subfield code="2">humord</marc:subfield>
        </marc:datafield>
        <marc:datafield ind1=" " ind2=" " tag="500">
            <marc:subfield code="a">På omslaget: Inspired by the Chronicles of Narnia by C.S. Lewis.</marc:subfield>
        </marc:datafield>
        <marc:datafield ind1="1" ind2=" " tag="700">
            <marc:subfield code="a">Hyde-Smith, Christopher.</marc:subfield>
            <marc:subfield code="d">1935-</marc:subfield>
            <marc:subfield code="e">musiker</marc:subfield>
            <marc:subfield code="4">mus</marc:subfield>
            <marc:subfield code="0">dfbe8fab-8407-426e-86a9-bc3368599489</marc:subfield>
            <marc:subfield code="1">https://musicbrainz.org/artist/dfbe8fab-8407-426e-86a9-bc3368599489</marc:subfield>
        </marc:datafield>
        <marc:datafield ind1="1" ind2=" " tag="700">
            <marc:subfield code="a">Lewis, C.S.</marc:subfield>
            <marc:subfield code="q">(Clive Staples)</marc:subfield>
            <marc:subfield code="d">1898-1963</marc:subfield>
            <marc:subfield code="e">forfatter</marc:subfield>
            <marc:subfield code="e">idéskaper</marc:subfield>
            <marc:subfield code="4">aut</marc:subfield>
            <marc:subfield code="4">ccp</marc:subfield>
            <marc:subfield code="0">22144877</marc:subfield>
            <marc:subfield code="1">http://viaf.org/viaf/22144877</marc:subfield>
        </marc:datafield>
        <marc:datafield ind1="2" ind2=" " tag="710">
            <marc:subfield code="a">Marisa Robles' Harpeensemble.</marc:subfield>
        </marc:datafield>
    </marc:record>