
    <marc:record>
        <marc:leader>00443nxm a22001094  450 </marc:leader>
        <marc:controlfield tag="001">85856669</marc:controlfield>
        <marc:controlfield tag="005">20180613124716.0</marc:controlfield>
        <marc:controlfield tag="008">000000s2000    dk                | dan d</marc:controlfield>
        <marc:datafield ind1="1" ind2=" " tag="100">
            <marc:subfield code="a">Mitchell, Adrian</marc:subfield>
            <marc:subfield code="d">1932-2008</marc:subfield>
            <marc:subfield code="e">bearbeider</marc:subfield>
            <marc:subfield code="4">adp</marc:subfield>
            <marc:subfield code="0">85486592</marc:subfield>
            <marc:subfield code="1">http://viaf.org/viaf/85486592</marc:subfield>
        </marc:datafield>
        <marc:datafield ind1="1" ind2="4" tag="240">
            <marc:subfield code="a">The lion, the witch, and the wardrobe</marc:subfield>
            <marc:subfield code="l">Dansk</marc:subfield>
            <marc:subfield code="0">875759159</marc:subfield>
            <marc:subfield code="1">http://www.worldcat.org/oclc/875759159</marc:subfield>
        </marc:datafield>
        <marc:datafield ind1="0" ind2="0" tag="245">
            <marc:subfield code="a">Narnia - løven, heksen og garderobeskabet /</marc:subfield>
            <marc:subfield code="c">tekst: C. S. Lewis ; dramatisering: Adrian Mitchell ; musik: Shaun Davey ; instruktion: Lars Junggreen ; Århus Teater.</marc:subfield>
        </marc:datafield>
        <marc:datafield ind1=" " ind2=" " tag="336">
            <marc:subfield code="a">two-dimensional moving image</marc:subfield>
            <marc:subfield code="b">tdi</marc:subfield>
            <marc:subfield code="0">http://rdaregistry.info/termList/RDAContentType/1023</marc:subfield>
            <marc:subfield code="2">rdacontent</marc:subfield>
        </marc:datafield>
        <marc:datafield ind1=" " ind2=" " tag="337">
            <marc:subfield code="a">video</marc:subfield>
            <marc:subfield code="0">http://rdaregistry.info/termList/RDAMediaType/1008</marc:subfield>
            <marc:subfield code="2">rdacontent</marc:subfield>
        </marc:datafield>
        <marc:datafield ind1=" " ind2=" " tag="338">
            <marc:subfield code="a">videodisc</marc:subfield>
            <marc:subfield code="0">http://rdaregistry.info/termList/RDACarrierType/1060</marc:subfield>
            <marc:subfield code="2">rdacontent</marc:subfield>
        </marc:datafield>
        <marc:datafield ind1=" " ind2=" " tag="380">
            <marc:subfield code="a">teaterforestillinger</marc:subfield>
            <marc:subfield code="2">humord</marc:subfield>
        </marc:datafield>
        <marc:datafield ind1=" " ind2=" " tag="260">
            <marc:subfield code="a">Århus :</marc:subfield>
            <marc:subfield code="b">@Århus Teater, Store Scene,</marc:subfield>
            <marc:subfield code="c">2000.</marc:subfield>
        </marc:datafield>
        <marc:datafield ind1="1" ind2=" " tag="700">
            <marc:subfield code="a">Lewis, C.S.</marc:subfield>
            <marc:subfield code="q">(Clive Staples)</marc:subfield>
            <marc:subfield code="d">1898-1963</marc:subfield>
            <marc:subfield code="e">forfatter</marc:subfield>
            <marc:subfield code="e">idéskaper</marc:subfield>
            <marc:subfield code="4">aut</marc:subfield>
            <marc:subfield code="4">ccp</marc:subfield>
            <marc:subfield code="0">22144877</marc:subfield>
            <marc:subfield code="1">http://viaf.org/viaf/22144877</marc:subfield>
        </marc:datafield>
        <marc:datafield ind1="2" ind2=" " tag="710">
            <marc:subfield code="a">@Århus Teater.</marc:subfield>
        </marc:datafield>
    </marc:record>