
    <marc:record>
        <marc:leader>00601cam a22001454  450 </marc:leader>
        <marc:controlfield tag="001">2368079</marc:controlfield>
        <marc:controlfield tag="005">200912171238000000.0</marc:controlfield>
        <marc:controlfield tag="008">000000r19871980xx            00| u eng d</marc:controlfield>
        <marc:datafield ind1=" " ind2=" " tag="020">
            <marc:subfield code="a">0006727735</marc:subfield>
        </marc:datafield>
        <marc:datafield ind1="1" ind2=" " tag="100">
            <marc:subfield code="a">Lewis, C.S.</marc:subfield>
            <marc:subfield code="q">(Clive Staples)</marc:subfield>
            <marc:subfield code="d">1898-1963</marc:subfield>
            <marc:subfield code="e">forfatter</marc:subfield>
            <marc:subfield code="4">aut</marc:subfield>
            <marc:subfield code="0">22144877</marc:subfield>
            <marc:subfield code="1">http://viaf.org/viaf/22144877</marc:subfield>
        </marc:datafield>
        <marc:datafield ind1="1" ind2="0" tag="240">
            <marc:subfield code="a">The chronicles of Narnia</marc:subfield>
            <marc:subfield code="l">Engelsk</marc:subfield>
            <marc:subfield code="0">Q483412</marc:subfield>
            <marc:subfield code="1">https://www.wikidata.org/wiki/Q483412</marc:subfield>
        </marc:datafield>
        <marc:datafield ind1="1" ind2="4" tag="245">
            <marc:subfield code="a">The complete chronicles of Narnia /</marc:subfield>
            <marc:subfield code="c">C.S. Lewis.</marc:subfield>
        </marc:datafield>
        <marc:datafield ind1=" " ind2=" " tag="250">
            <marc:subfield code="a">Forsk. oppl.</marc:subfield>
        </marc:datafield>
        <marc:datafield ind1=" " ind2=" " tag="260">
            <marc:subfield code="a">London :</marc:subfield>
            <marc:subfield code="b">Lions,</marc:subfield>
            <marc:subfield code="c">1987.</marc:subfield>
        </marc:datafield>
        <marc:datafield ind1=" " ind2=" " tag="300">
            <marc:subfield code="a">7 bind i eske :</marc:subfield>
            <marc:subfield code="b">ill.</marc:subfield>
        </marc:datafield>
        <marc:datafield ind1=" " ind2=" " tag="336">
            <marc:subfield code="a">text</marc:subfield>
            <marc:subfield code="b">txt</marc:subfield>
            <marc:subfield code="0">http://rdaregistry.info/termList/RDAContentType/1020</marc:subfield>
            <marc:subfield code="2">rdacontent</marc:subfield>
        </marc:datafield>
        <marc:datafield ind1=" " ind2=" " tag="337">
            <marc:subfield code="a">unmediated</marc:subfield>
            <marc:subfield code="0">http://rdaregistry.info/termList/RDAMediaType/1007</marc:subfield>
            <marc:subfield code="2">rdacontent</marc:subfield>
        </marc:datafield>
        <marc:datafield ind1=" " ind2=" " tag="338">
            <marc:subfield code="a">volume</marc:subfield>
            <marc:subfield code="0">http://rdaregistry.info/termList/RDACarrierType/1049</marc:subfield>
            <marc:subfield code="2">rdacontent</marc:subfield>
        </marc:datafield>
        <marc:datafield ind1=" " ind2=" " tag="380">
            <marc:subfield code="a">romaner</marc:subfield>
            <marc:subfield code="2">humord</marc:subfield>
        </marc:datafield>
        <marc:datafield ind1="8" ind2=" " tag="505">
            <marc:subfield code="t">The magician's nephew.</marc:subfield>
            <marc:subfield code="g">1 --</marc:subfield>
            <marc:subfield code="t">The lion, the witch and the wardrobe.</marc:subfield>
            <marc:subfield code="g">2 --</marc:subfield>
            <marc:subfield code="t">The horse and his boy.</marc:subfield>
            <marc:subfield code="g">3 --</marc:subfield>
            <marc:subfield code="t">Prince Caspian.</marc:subfield>
            <marc:subfield code="g">4 --</marc:subfield>
            <marc:subfield code="t">The voyage of the Dawn Treader.</marc:subfield>
            <marc:subfield code="g">5 --</marc:subfield>
            <marc:subfield code="t">The silver chair.</marc:subfield>
            <marc:subfield code="g">6 --</marc:subfield>
            <marc:subfield code="t">The last battle.</marc:subfield>
            <marc:subfield code="g">7</marc:subfield>
        </marc:datafield>
    </marc:record>