
    <marc:record>
        <marc:leader>01427nam a22004450  450 </marc:leader>
        <marc:controlfield tag="001">06525865</marc:controlfield>
        <marc:controlfield tag="005">20170829162103.0</marc:controlfield>
        <marc:controlfield tag="008">000000r20071987dk            00| f dan d</marc:controlfield>
        <marc:datafield ind1=" " ind2=" " tag="020">
            <marc:subfield code="a">8741881176</marc:subfield>
        </marc:datafield>
        <marc:datafield ind1="1" ind2=" " tag="041">
            <marc:subfield code="a">dan</marc:subfield>
            <marc:subfield code="h">eng</marc:subfield>
        </marc:datafield>
        <marc:datafield ind1="1" ind2=" " tag="100">
            <marc:subfield code="a">Lewis, C.S.</marc:subfield>
            <marc:subfield code="q">(Clive Staples)</marc:subfield>
            <marc:subfield code="d">1898-1963.</marc:subfield>
            <marc:subfield code="e">forfatter</marc:subfield>
            <marc:subfield code="4">aut</marc:subfield>
            <marc:subfield code="0">22144877</marc:subfield>
            <marc:subfield code="1">http://viaf.org/viaf/22144877</marc:subfield>
        </marc:datafield>
        <marc:datafield ind1="1" ind2="0" tag="240">
            <marc:subfield code="a">Prince Caspian.</marc:subfield>
            <marc:subfield code="l">Dansk</marc:subfield>
            <marc:subfield code="0">Q218950</marc:subfield>
            <marc:subfield code="1">https://www.wikidata.org/wiki/Q218950</marc:subfield>
        </marc:datafield>
        <marc:datafield ind1="1" ind2="0" tag="245">
            <marc:subfield code="a">Prins Caspian /</marc:subfield>
            <marc:subfield code="c">C.S. Lewis ; oversat af Niels Søndergård ; illustreret af Pauline Baynes.</marc:subfield>
        </marc:datafield>
        <marc:datafield ind1=" " ind2=" " tag="250">
            <marc:subfield code="a">2. utg., 11. oppl.</marc:subfield>
        </marc:datafield>
        <marc:datafield ind1=" " ind2=" " tag="260">
            <marc:subfield code="a">Valby :</marc:subfield>
            <marc:subfield code="b">Borgen,</marc:subfield>
            <marc:subfield code="c">2007.</marc:subfield>
        </marc:datafield>
        <marc:datafield ind1=" " ind2=" " tag="300">
            <marc:subfield code="a">207 s. ;</marc:subfield>
            <marc:subfield code="b">ill.</marc:subfield>
        </marc:datafield>
        <marc:datafield ind1=" " ind2=" " tag="336">
            <marc:subfield code="a">text</marc:subfield>
            <marc:subfield code="b">txt</marc:subfield>
            <marc:subfield code="0">http://rdaregistry.info/termList/RDAContentType/1020</marc:subfield>
            <marc:subfield code="2">rdacontent</marc:subfield>
        </marc:datafield>
        <marc:datafield ind1=" " ind2=" " tag="337">
            <marc:subfield code="a">unmediated</marc:subfield>
            <marc:subfield code="0">http://rdaregistry.info/termList/RDAMediaType/1007</marc:subfield>
            <marc:subfield code="2">rdacontent</marc:subfield>
        </marc:datafield>
        <marc:datafield ind1=" " ind2=" " tag="338">
            <marc:subfield code="a">volume</marc:subfield>
            <marc:subfield code="0">http://rdaregistry.info/termList/RDACarrierType/1049</marc:subfield>
            <marc:subfield code="2">rdacontent</marc:subfield>
        </marc:datafield>
        <marc:datafield ind1=" " ind2=" " tag="380">
            <marc:subfield code="a">romaner</marc:subfield>
            <marc:subfield code="2">humord</marc:subfield>
        </marc:datafield>
        <marc:datafield ind1=" " ind2=" " tag="440">
            <marc:subfield code="a">Narnia ;</marc:subfield>
            <marc:subfield code="v">4</marc:subfield>
        </marc:datafield>
        <marc:datafield ind1="8" ind2=" " tag="520">
            <marc:subfield code="a">Det er onde tider i Narnia. Så Peter, Susan, Lucy og Edmund tilkaldes for at hjlæpe unge prins Caspian i opgøret med hans grusomme onkel, kong Miraz.</marc:subfield>
        </marc:datafield>
        <marc:datafield ind1=" " ind2=" " tag="534">
            <marc:subfield code="a">Originalutgave: 1951.</marc:subfield>
        </marc:datafield>
        <marc:datafield ind1=" " ind2="4" tag="650">
            <marc:subfield code="a">Godhet</marc:subfield>
        </marc:datafield>
        <marc:datafield ind1=" " ind2="4" tag="650">
            <marc:subfield code="a">Ondskap</marc:subfield>
        </marc:datafield>
        <marc:datafield ind1=" " ind2="4" tag="650">
            <marc:subfield code="a">Tro</marc:subfield>
        </marc:datafield>
        <marc:datafield ind1=" " ind2="4" tag="650">
            <marc:subfield code="a">Parallelle verdener</marc:subfield>
        </marc:datafield>
        <marc:datafield ind1=" " ind2=" " tag="830">
            <marc:subfield code="a">Narnia-serien ;</marc:subfield>
            <marc:subfield code="v">4.</marc:subfield>
        </marc:datafield>
    </marc:record>