
    <marc:record>
        <marc:leader>01102nim a22002770  450 </marc:leader>
        <marc:controlfield tag="001">23227932</marc:controlfield>
        <marc:controlfield tag="005">20170829182356.0</marc:controlfield>
        <marc:controlfield tag="007">s|||||||||||||</marc:controlfield>
        <marc:controlfield tag="008">000000s2000    dk                | dan d</marc:controlfield>
        <marc:datafield ind1=" " ind2=" " tag="020">
            <marc:subfield code="a">8760573341</marc:subfield>
        </marc:datafield>
        <marc:datafield ind1="1" ind2=" " tag="041">
            <marc:subfield code="a">dan</marc:subfield>
            <marc:subfield code="h">eng</marc:subfield>
        </marc:datafield>
        <marc:datafield ind1="1" ind2=" " tag="100">
            <marc:subfield code="a">Rowling, J.K.</marc:subfield>
            <marc:subfield code="q">(Joanne Kathleen)</marc:subfield>
            <marc:subfield code="d">1965-</marc:subfield>
            <marc:subfield code="e">forfatter</marc:subfield>
            <marc:subfield code="4">aut</marc:subfield>
            <marc:subfield code="0">116796842</marc:subfield>
            <marc:subfield code="1">http://viaf.org/viaf/116796842</marc:subfield>
        </marc:datafield>
        <marc:datafield ind1="1" ind2="0" tag="240">
            <marc:subfield code="a">Harry Potter and the prisoner of Azkaban.</marc:subfield>
            <marc:subfield code="l">Dansk</marc:subfield>
            <marc:subfield code="0">Q47598</marc:subfield>
            <marc:subfield code="1">https://www.wikidata.org/wiki/Q47598</marc:subfield>
        </marc:datafield>
        <marc:datafield ind1="1" ind2="0" tag="245">
            <marc:subfield code="a">Harry Potter og fangen fra Azkaban /</marc:subfield>
            <marc:subfield code="c">J.K. Rowling ; indtaling: Torben Sekov ; oversættelse: Hanna Lützen.</marc:subfield>
        </marc:datafield>
        <marc:datafield ind1=" " ind2=" " tag="260">
            <marc:subfield code="a">Kbh. :</marc:subfield>
            <marc:subfield code="b">Gyldendal Lydbøger,</marc:subfield>
            <marc:subfield code="c">2000.</marc:subfield>
        </marc:datafield>
        <marc:datafield ind1=" " ind2=" " tag="300">
            <marc:subfield code="a">11 cd'er i 1 mappe (13 t., 15 min.)</marc:subfield>
        </marc:datafield>
        <marc:datafield ind1=" " ind2=" " tag="336">
            <marc:subfield code="a">spoken word</marc:subfield>
            <marc:subfield code="b">spw</marc:subfield>
            <marc:subfield code="0">http://rdaregistry.info/termList/RDAContentType/1013</marc:subfield>
            <marc:subfield code="2">rdacontent</marc:subfield>
        </marc:datafield>
        <marc:datafield ind1=" " ind2=" " tag="337">
            <marc:subfield code="a">audio</marc:subfield>
            <marc:subfield code="0">http://rdaregistry.info/termList/RDAMediaType/1001</marc:subfield>
            <marc:subfield code="2">rdacontent</marc:subfield>
        </marc:datafield>
        <marc:datafield ind1=" " ind2=" " tag="338">
            <marc:subfield code="a">audio disc</marc:subfield>
            <marc:subfield code="0">http://rdaregistry.info/termList/RDACarrierType/1004</marc:subfield>
            <marc:subfield code="2">rdacontent</marc:subfield>
        </marc:datafield>
        <marc:datafield ind1=" " ind2=" " tag="380">
            <marc:subfield code="a">lydbøker</marc:subfield>
            <marc:subfield code="2">humord</marc:subfield>
        </marc:datafield>
        <marc:datafield ind1=" " ind2=" " tag="500">
            <marc:subfield code="a">3. del af: Harry Potter og De Vises Sten. Seriens indhold se denne.</marc:subfield>
        </marc:datafield>
        <marc:datafield ind1="8" ind2=" " tag="520">
            <marc:subfield code="a">Harry Potter er elev på trolddomsskolen på tredje år. Han får at vide, at hans forældres morder er flygtet fra Azkabanfængslet og nu også vil dræbe ham.</marc:subfield>
        </marc:datafield>
        <marc:datafield ind1=" " ind2=" " tag="534">
            <marc:subfield code="a">Gjengivelse av boken</marc:subfield>
        </marc:datafield>
        <marc:datafield ind1=" " ind2=" " tag="534">
            <marc:subfield code="a">Innlest etter utgaven: Kbh. : Gyldendal, 1999.</marc:subfield>
        </marc:datafield>
        <marc:datafield ind1=" " ind2=" " tag="534">
            <marc:subfield code="a">Originalutgave: 1999.</marc:subfield>
        </marc:datafield>
        <marc:datafield ind1=" " ind2="4" tag="650">
            <marc:subfield code="a">Fantasy</marc:subfield>
        </marc:datafield>
        <marc:datafield ind1=" " ind2="4" tag="650">
            <marc:subfield code="a">Trollmenn</marc:subfield>
        </marc:datafield>
        <marc:datafield ind1=" " ind2="4" tag="650">
            <marc:subfield code="a">Magi</marc:subfield>
        </marc:datafield>
        <marc:datafield ind1="1" ind2=" " tag="700">
            <marc:subfield code="a">Sekov, Torben.</marc:subfield>
            <marc:subfield code="e">forteller</marc:subfield>
            <marc:subfield code="4">nrt</marc:subfield>
            <marc:subfield code="0">307274285</marc:subfield>
            <marc:subfield code="1">http://viaf.org/viaf/307274285</marc:subfield>
        </marc:datafield>
    </marc:record>