
    <marc:record>
        <marc:leader>02015ngm a22003490  450 </marc:leader>
        <marc:controlfield tag="001">24347370</marc:controlfield>
        <marc:controlfield tag="005">20170829191707.0</marc:controlfield>
        <marc:controlfield tag="007">vf|||||||</marc:controlfield>
        <marc:controlfield tag="008">000000s2002    dk                | eng d</marc:controlfield>
        <marc:datafield ind1="1" ind2=" " tag="041">
            <marc:subfield code="a">eng</marc:subfield>
            <marc:subfield code="b">dan</marc:subfield>
        </marc:datafield>
        <marc:datafield ind1="0" ind2=" " tag="130">
            <marc:subfield code="a">Harry Potter and the sorcerer's stone</marc:subfield>
            <marc:subfield code="1">https://www.imdb.com/title/tt0241527/</marc:subfield>
        </marc:datafield>
        <marc:datafield ind1="0" ind2="0" tag="245">
            <marc:subfield code="a">Harry Potter og de vises sten :</marc:subfield>
            <marc:subfield code="c">directed by Chris Columbus ; screenplay by Steve Kloves ; produced by David Heyman ; based on the novel by J.K. Rowling ; director of photography John Seale.</marc:subfield>
        </marc:datafield>
        <marc:datafield ind1=" " ind2=" " tag="260">
            <marc:subfield code="a">[Valby] :</marc:subfield>
            <marc:subfield code="b">Sandrew Metronome ;</marc:subfield>
            <marc:subfield code="a">[Kbh.] :</marc:subfield>
            <marc:subfield code="b">[Nordisk Film Vision],</marc:subfield>
            <marc:subfield code="c">[2002].</marc:subfield>
        </marc:datafield>
        <marc:datafield ind1=" " ind2=" " tag="300">
            <marc:subfield code="a">1 kassett (VHS) (ca. 2 t. 26 min.) :</marc:subfield>
            <marc:subfield code="b">letterbox, surround.</marc:subfield>
        </marc:datafield>
        <marc:datafield ind1=" " ind2=" " tag="336">
            <marc:subfield code="a">two-dimensional moving image</marc:subfield>
            <marc:subfield code="b">tdi</marc:subfield>
            <marc:subfield code="0">http://rdaregistry.info/termList/RDAContentType/1023</marc:subfield>
            <marc:subfield code="2">rdacontent</marc:subfield>
        </marc:datafield>
        <marc:datafield ind1=" " ind2=" " tag="337">
            <marc:subfield code="a">video</marc:subfield>
            <marc:subfield code="0">http://rdaregistry.info/termList/RDAMediaType/1008</marc:subfield>
            <marc:subfield code="2">rdacontent</marc:subfield>
        </marc:datafield>
        <marc:datafield ind1=" " ind2=" " tag="338">
            <marc:subfield code="a">videocassette</marc:subfield>
            <marc:subfield code="0">http://rdaregistry.info/termList/RDACarrierType/1052</marc:subfield>
            <marc:subfield code="2">rdacontent</marc:subfield>
        </marc:datafield>
        <marc:datafield ind1=" " ind2=" " tag="380">
            <marc:subfield code="a">spillefilm</marc:subfield>
            <marc:subfield code="2">humord</marc:subfield>
        </marc:datafield>
        <marc:datafield ind1=" " ind2=" " tag="500">
            <marc:subfield code="a">Medvirkende: Daniel Radcliffe, Rupert Grint, Emma Watson, John Cleese, Robbie Coltrane, Richard Griffiths, Richard Harris, Ian Hart, John Hurt ... et al..</marc:subfield>
        </marc:datafield>
        <marc:datafield ind1=" " ind2=" " tag="500">
            <marc:subfield code="a">Samhørende: Harry Potter og de vises sten ; Harry Potter og Hemmelighedernes kammer.</marc:subfield>
        </marc:datafield>
        <marc:datafield ind1="8" ind2=" " tag="520">
            <marc:subfield code="a">Harry Potter er et uønsket hittebarn, men da han fylder elleve år, forandres hans liv for altid. Han har magiske evner og skal være studerende på en kostskole for troldmænd. Her får han brug for alle sine evner for at løse mysteriet om de vises sten.</marc:subfield>
        </marc:datafield>
        <marc:datafield ind1="8" ind2=" " tag="521">
            <marc:subfield code="a">Fra 11 år.</marc:subfield>
        </marc:datafield>
        <marc:datafield ind1=" " ind2=" " tag="534">
            <marc:subfield code="a">Originalfilmen: USA : Warner Bros. : Heyday Films : 1492 Pictures ; S.l. : Duncan Henderson Production, 2001.</marc:subfield>
        </marc:datafield>
        <marc:datafield ind1=" " ind2=" " tag="546">
            <marc:subfield code="a">Engelsk tale med danske undertekster.</marc:subfield>
        </marc:datafield>
        <marc:datafield ind1=" " ind2="4" tag="650">
            <marc:subfield code="a">Magi</marc:subfield>
        </marc:datafield>
        <marc:datafield ind1=" " ind2="4" tag="650">
            <marc:subfield code="a">Trollmenn</marc:subfield>
        </marc:datafield>
        <marc:datafield ind1=" " ind2="4" tag="650">
            <marc:subfield code="a">Kostskoler</marc:subfield>
        </marc:datafield>
        <marc:datafield ind1=" " ind2="4" tag="650">
            <marc:subfield code="a">Gutter</marc:subfield>
        </marc:datafield>
        <marc:datafield ind1="1" ind2=" " tag="700">
            <marc:subfield code="a">Columbus, Chris.</marc:subfield>
            <marc:subfield code="d">1958-</marc:subfield>
            <marc:subfield code="e">filmregissør</marc:subfield>
            <marc:subfield code="4">fmd</marc:subfield>
            <marc:subfield code="1">https://www.imdb.com/name/nm0001060/</marc:subfield>
        </marc:datafield>
        <marc:datafield ind1="1" ind2=" " tag="700">
            <marc:subfield code="a">Kloves, Steve.</marc:subfield>
            <marc:subfield code="d">1960-</marc:subfield>
            <marc:subfield code="e">manusforfatter</marc:subfield>
            <marc:subfield code="4">aus</marc:subfield>
            <marc:subfield code="1">https://www.imdb.com/name/nm0460141/</marc:subfield>
        </marc:datafield>
        <marc:datafield ind1="1" ind2=" " tag="700">
            <marc:subfield code="a">Rowling, J.K.</marc:subfield>
            <marc:subfield code="q">(Joanne Kathleen)</marc:subfield>
            <marc:subfield code="d">1965-</marc:subfield>
            <marc:subfield code="e">idéskaper</marc:subfield>
            <marc:subfield code="4">ccp</marc:subfield>
            <marc:subfield code="0">116796842</marc:subfield>
            <marc:subfield code="1">http://viaf.org/viaf/116796842</marc:subfield>
        </marc:datafield>
        <marc:datafield ind1="1" ind2=" " tag="700">
            <marc:subfield code="a">Seale, John.</marc:subfield>
            <marc:subfield code="d">1942-</marc:subfield>
            <marc:subfield code="e">filmfotograf</marc:subfield>
            <marc:subfield code="4">cng</marc:subfield>
            <marc:subfield code="1">https://www.imdb.com/name/nm0005868/</marc:subfield>
        </marc:datafield>
    </marc:record>