
    <marc:record>
        <marc:leader>00963cam a2200265 c 4500</marc:leader>
        <marc:controlfield tag="001">990521784394702201</marc:controlfield>
        <marc:controlfield tag="005">20110722145302.0</marc:controlfield>
        <marc:controlfield tag="007">ta</marc:controlfield>
        <marc:controlfield tag="007">cr||||||||||||</marc:controlfield>
        <marc:controlfield tag="008">110722s2005    xx#||||| |||||000|u|nob|</marc:controlfield>
        <marc:datafield ind1=" " ind2=" " tag="035">
            <marc:subfield code="a">052178439-47bibsys_network</marc:subfield>
        </marc:datafield>
        <marc:datafield ind1=" " ind2=" " tag="035">
            <marc:subfield code="a">(NO-TrBIB)052178439</marc:subfield>
        </marc:datafield>
        <marc:datafield ind1=" " ind2=" " tag="035">
            <marc:subfield code="a">(NO-TrBIB)113801556</marc:subfield>
        </marc:datafield>
        <marc:datafield ind1=" " ind2=" " tag="040">
            <marc:subfield code="a">NO-OsNB</marc:subfield>
            <marc:subfield code="b">nob</marc:subfield>
            <marc:subfield code="e">katreg</marc:subfield>
        </marc:datafield>
        <marc:datafield ind1="1" ind2=" " tag="100">
            <marc:subfield code="a">Lewis, C.S.</marc:subfield>
            <marc:subfield code="q">(Clive Staples)</marc:subfield>
            <marc:subfield code="d">1898-1963</marc:subfield>
            <marc:subfield code="e">forfatter</marc:subfield>
            <marc:subfield code="4">aut</marc:subfield>
            <marc:subfield code="0">22144877</marc:subfield>
            <marc:subfield code="1">http://viaf.org/viaf/22144877</marc:subfield>
        </marc:datafield>
        <marc:datafield ind1="1" ind2="0" tag="240">
            <marc:subfield code="a">The chronicles of Narnia: the lion, the witch, and the wardrobe</marc:subfield>
            <marc:subfield code="l">Norsk</marc:subfield>
            <marc:subfield code="0">Q485093</marc:subfield>
            <marc:subfield code="1">https://www.wikidata.org/wiki/Q485093</marc:subfield>
        </marc:datafield>
        <marc:datafield ind1="0" ind2="0" tag="245">
            <marc:subfield code="a">Blaker ungdomslags teatergruppe presenterer: Narnia. Løven, heksen og garderobeskapet :</marc:subfield>
            <marc:subfield code="b">av C.S. Lewis, oversatt av Kristin Søhoel /</marc:subfield>
            <marc:subfield code="c">[plakater og program: Kim Stidahl, Trond Bruun]</marc:subfield>
        </marc:datafield>
        <marc:datafield ind1=" " ind2=" " tag="260">
            <marc:subfield code="a">[Sørumsand] :</marc:subfield>
            <marc:subfield code="b">Teatergruppen,</marc:subfield>
            <marc:subfield code="c">[2005].</marc:subfield>
        </marc:datafield>
        <marc:datafield ind1=" " ind2=" " tag="300">
            <marc:subfield code="a">[24] s. ;</marc:subfield>
            <marc:subfield code="b">ill.</marc:subfield>
        </marc:datafield>
        <marc:datafield ind1=" " ind2=" " tag="336">
            <marc:subfield code="a">text</marc:subfield>
            <marc:subfield code="b">txt</marc:subfield>
            <marc:subfield code="0">http://rdaregistry.info/termList/RDAContentType/1020</marc:subfield>
            <marc:subfield code="2">rdacontent</marc:subfield>
        </marc:datafield>
        <marc:datafield ind1=" " ind2=" " tag="337">
            <marc:subfield code="a">unmediated</marc:subfield>
            <marc:subfield code="0">http://rdaregistry.info/termList/RDAMediaType/1007</marc:subfield>
            <marc:subfield code="2">rdacontent</marc:subfield>
        </marc:datafield>
        <marc:datafield ind1=" " ind2=" " tag="338">
            <marc:subfield code="a">volume</marc:subfield>
            <marc:subfield code="0">http://rdaregistry.info/termList/RDACarrierType/1049</marc:subfield>
            <marc:subfield code="2">rdacontent</marc:subfield>
        </marc:datafield>
        <marc:datafield ind1=" " ind2=" " tag="338">
            <marc:subfield code="a">volume</marc:subfield>
            <marc:subfield code="0">http://rdaregistry.info/termList/RDACarrierType/1049</marc:subfield>
            <marc:subfield code="2">rdacontent</marc:subfield>
        </marc:datafield>
        <marc:datafield ind1=" " ind2=" " tag="380">
            <marc:subfield code="a">programmer</marc:subfield>
            <marc:subfield code="2">humord</marc:subfield>
        </marc:datafield>
        <marc:datafield ind1=" " ind2=" " tag="500">
            <marc:subfield code="a">Musikalprogram</marc:subfield>
        </marc:datafield>
        <marc:datafield ind1="1" ind2="2" tag="700">
            <marc:subfield code="a">Lewis, C.S.</marc:subfield>
            <marc:subfield code="q">(Clive Staples)</marc:subfield>
            <marc:subfield code="d">1898-1963</marc:subfield>
            <marc:subfield code="e">forfatter</marc:subfield>
            <marc:subfield code="e">idéskaper</marc:subfield>
            <marc:subfield code="4">aut</marc:subfield>
            <marc:subfield code="4">ccp</marc:subfield>
            <marc:subfield code="0">22144877</marc:subfield>
            <marc:subfield code="1">http://viaf.org/viaf/22144877</marc:subfield>
        </marc:datafield>
        <marc:datafield ind1="1" ind2=" " tag="700">
            <marc:subfield code="a">Stidahl, Kim</marc:subfield>
            <marc:subfield code="e">Annet</marc:subfield>
            <marc:subfield code="4">oth</marc:subfield>
            <marc:subfield code="0">131149294081980520390</marc:subfield>
            <marc:subfield code="1">http://viaf.org/viaf/131149294081980520390</marc:subfield>
        </marc:datafield>
        <marc:datafield ind1="1" ind2=" " tag="700">
            <marc:subfield code="a">Bruun, Trond</marc:subfield>
            <marc:subfield code="e">Annet</marc:subfield>
            <marc:subfield code="4">oth</marc:subfield>
            <marc:subfield code="0">226149294079980520156</marc:subfield>
            <marc:subfield code="1">http://viaf.org/viaf/226149294079980520156</marc:subfield>
        </marc:datafield>
        <marc:datafield ind1="2" ind2=" " tag="710">
            <marc:subfield code="a">Blaker ungdomslag</marc:subfield>
            <marc:subfield code="b">Teatergruppen</marc:subfield>
            <marc:subfield code="0">(NO-TrBIB)90966880</marc:subfield>
        </marc:datafield>
        <marc:datafield ind1="0" ind2=" " tag="740">
            <marc:subfield code="a">Narnia</marc:subfield>
        </marc:datafield>
    </marc:record>