
    <marc:record>
        <marc:leader>02218cam a2200529 c 4500</marc:leader>
        <marc:controlfield tag="001">999510935174702201</marc:controlfield>
        <marc:controlfield tag="005">20170124091745.0</marc:controlfield>
        <marc:controlfield tag="007">ta</marc:controlfield>
        <marc:controlfield tag="007">cr||||||||||||</marc:controlfield>
        <marc:controlfield tag="008">150107s1995    no#||||j |||||000|1|nob|</marc:controlfield>
        <marc:datafield ind1=" " ind2=" " tag="015">
            <marc:subfield code="a">9509094</marc:subfield>
            <marc:subfield code="2">nbf</marc:subfield>
        </marc:datafield>
        <marc:datafield ind1=" " ind2=" " tag="020">
            <marc:subfield code="a">8205226318</marc:subfield>
            <marc:subfield code="q">ib.</marc:subfield>
        </marc:datafield>
        <marc:datafield ind1=" " ind2=" " tag="035">
            <marc:subfield code="a">951093517-47bibsys_network</marc:subfield>
        </marc:datafield>
        <marc:datafield ind1=" " ind2=" " tag="035">
            <marc:subfield code="a">(NO-TrBIB)951093517</marc:subfield>
        </marc:datafield>
        <marc:datafield ind1=" " ind2=" " tag="035">
            <marc:subfield code="a">(NO-TrBIB)100974228</marc:subfield>
        </marc:datafield>
        <marc:datafield ind1=" " ind2=" " tag="040">
            <marc:subfield code="a">NO-OsNB</marc:subfield>
            <marc:subfield code="b">nob</marc:subfield>
            <marc:subfield code="e">katreg</marc:subfield>
        </marc:datafield>
        <marc:datafield ind1="1" ind2=" " tag="041">
            <marc:subfield code="h">eng</marc:subfield>
        </marc:datafield>
        <marc:datafield ind1=" " ind2=" " tag="042">
            <marc:subfield code="a">norbibl</marc:subfield>
        </marc:datafield>
        <marc:datafield ind1=" " ind2=" " tag="044">
            <marc:subfield code="c">no</marc:subfield>
        </marc:datafield>
        <marc:datafield ind1="1" ind2=" " tag="100">
            <marc:subfield code="a">Lewis, C.S.</marc:subfield>
            <marc:subfield code="q">(Clive Staples)</marc:subfield>
            <marc:subfield code="d">1898-1963</marc:subfield>
            <marc:subfield code="e">forfatter</marc:subfield>
            <marc:subfield code="4">aut</marc:subfield>
            <marc:subfield code="0">22144877</marc:subfield>
            <marc:subfield code="1">http://viaf.org/viaf/22144877</marc:subfield>
        </marc:datafield>
        <marc:datafield ind1="1" ind2="2" tag="240">
            <marc:subfield code="a">A book of Narnians : the lion, the witch and the others</marc:subfield>
            <marc:subfield code="l">Norsk</marc:subfield>
            <marc:subfield code="0">1028301267</marc:subfield>
            <marc:subfield code="1">http://www.worldcat.org/oclc/1028301267</marc:subfield>
        </marc:datafield>
        <marc:datafield ind1="1" ind2="3" tag="245">
            <marc:subfield code="a">En bok om narnianere : løven, heksa og de andre /</marc:subfield>
            <marc:subfield code="c">C.S. Lewis ; utvalgt av James Riordan ; illustrert av Pauline Baynes ; oversatt av Tormod Haugen</marc:subfield>
        </marc:datafield>
        <marc:datafield ind1="1" ind2=" " tag="246">
            <marc:subfield code="a">A book of Narnians : the lion, the witch and the others</marc:subfield>
            <marc:subfield code="i">Originaltittel</marc:subfield>
        </marc:datafield>
        <marc:datafield ind1=" " ind2=" " tag="260">
            <marc:subfield code="a">Oslo :</marc:subfield>
            <marc:subfield code="b">Gyldendal,</marc:subfield>
            <marc:subfield code="c">cop. 1995.</marc:subfield>
        </marc:datafield>
        <marc:datafield ind1=" " ind2=" " tag="300">
            <marc:subfield code="a">88 s. ;</marc:subfield>
            <marc:subfield code="b">ill. ;</marc:subfield>
            <marc:subfield code="c">27 cm</marc:subfield>
        </marc:datafield>
        <marc:datafield ind1=" " ind2=" " tag="336">
            <marc:subfield code="a">text</marc:subfield>
            <marc:subfield code="b">txt</marc:subfield>
            <marc:subfield code="0">http://rdaregistry.info/termList/RDAContentType/1020</marc:subfield>
            <marc:subfield code="2">rdacontent</marc:subfield>
        </marc:datafield>
        <marc:datafield ind1=" " ind2=" " tag="337">
            <marc:subfield code="a">computer</marc:subfield>
            <marc:subfield code="0">http://rdaregistry.info/termList/RDAMediaType/1003</marc:subfield>
            <marc:subfield code="2">rdacontent</marc:subfield>
        </marc:datafield>
        <marc:datafield ind1=" " ind2=" " tag="338">
            <marc:subfield code="a">online resource</marc:subfield>
            <marc:subfield code="0">http://rdaregistry.info/termList/RDACarrierType/1018</marc:subfield>
            <marc:subfield code="2">rdacontent</marc:subfield>
        </marc:datafield>
        <marc:datafield ind1=" " ind2=" " tag="380">
            <marc:subfield code="a">romaner</marc:subfield>
            <marc:subfield code="2">humord</marc:subfield>
        </marc:datafield>
        <marc:datafield ind1=" " ind2=" " tag="500">
            <marc:subfield code="a">Utvalg fra Narnia-bøkene</marc:subfield>
        </marc:datafield>
        <marc:datafield ind1="0" ind2=" " tag="506">
            <marc:subfield code="f">Åpen tilgang</marc:subfield>
        </marc:datafield>
        <marc:datafield ind1=" " ind2=" " tag="533">
            <marc:subfield code="a">Elektronisk reproduksjon</marc:subfield>
            <marc:subfield code="b">[Norge]</marc:subfield>
            <marc:subfield code="c">Nasjonalbiblioteket Digital</marc:subfield>
            <marc:subfield code="d">2010-05-03</marc:subfield>
        </marc:datafield>
        <marc:datafield ind1="1" ind2="7" tag="600">
            <marc:subfield code="a">Lewis, Clive Staples</marc:subfield>
            <marc:subfield code="0">22144877</marc:subfield>
            <marc:subfield code="1">http://viaf.org/viaf/22144877</marc:subfield>
        </marc:datafield>
        <marc:datafield ind1=" " ind2=" " tag="653">
            <marc:subfield code="a">Barnelitteratur</marc:subfield>
            <marc:subfield code="a">Fantasy</marc:subfield>
            <marc:subfield code="a">Barnebøker</marc:subfield>
        </marc:datafield>
        <marc:datafield ind1="1" ind2=" " tag="700">
            <marc:subfield code="a">Riordan, James,</marc:subfield>
            <marc:subfield code="d">1949-</marc:subfield>
            <marc:subfield code="e">redaktør</marc:subfield>
            <marc:subfield code="4">red</marc:subfield>
            <marc:subfield code="0">65324738</marc:subfield>
            <marc:subfield code="1">http://viaf.org/viaf/65324738</marc:subfield>
        </marc:datafield>
        <marc:datafield ind1="1" ind2=" " tag="700">
            <marc:subfield code="a">Baynes, Pauline,</marc:subfield>
            <marc:subfield code="d">1922-2008</marc:subfield>
            <marc:subfield code="e">illustratør</marc:subfield>
            <marc:subfield code="4">ill</marc:subfield>
            <marc:subfield code="0">101872923</marc:subfield>
            <marc:subfield code="1">http://viaf.org/viaf/101872923</marc:subfield>
        </marc:datafield>
        <marc:datafield ind1="1" ind2=" " tag="700">
            <marc:subfield code="a">Haugen, Tormod,</marc:subfield>
            <marc:subfield code="d">1945-2008</marc:subfield>
            <marc:subfield code="e">oversetter</marc:subfield>
            <marc:subfield code="4">trl</marc:subfield>
            <marc:subfield code="0">103625475</marc:subfield>
            <marc:subfield code="1">http://viaf.org/viaf/103625475</marc:subfield>
        </marc:datafield>
        <marc:datafield ind1="4" ind2="2" tag="856">
            <marc:subfield code="3">Beskrivelse fra Forlagssentralen</marc:subfield>
            <marc:subfield code="u">http://content.bibsys.no/content/?type=descr_forlagssentr&amp;isbn=8205226318</marc:subfield>
        </marc:datafield>
        <marc:datafield ind1="4" ind2="0" tag="856">
            <marc:subfield code="3">Fulltekst</marc:subfield>
            <marc:subfield code="u">http://urn.nb.no/URN:NBN:no-nb_digibok_2010041603065</marc:subfield>
            <marc:subfield code="y">NB digitalisert</marc:subfield>
            <marc:subfield code="z">Elektronisk reproduksjon. Gratis. For norske IP-adresser</marc:subfield>
        </marc:datafield>
        <marc:datafield ind1=" " ind2=" " tag="913">
            <marc:subfield code="a">Norbok</marc:subfield>
            <marc:subfield code="b">NB</marc:subfield>
        </marc:datafield>
    </marc:record>