
    <marc:record>
        <marc:leader>01546cam a2200433 c 4500</marc:leader>
        <marc:controlfield tag="001">990305864454702201</marc:controlfield>
        <marc:controlfield tag="005">20160622153338.0</marc:controlfield>
        <marc:controlfield tag="007">ta</marc:controlfield>
        <marc:controlfield tag="007">cr||||||||||||</marc:controlfield>
        <marc:controlfield tag="008">150407s2002    no#||||j |||||000|d|nno|</marc:controlfield>
        <marc:datafield ind1=" " ind2=" " tag="015">
            <marc:subfield code="a">0307774</marc:subfield>
            <marc:subfield code="2">nbf</marc:subfield>
        </marc:datafield>
        <marc:datafield ind1=" " ind2=" " tag="035">
            <marc:subfield code="a">030586445-47bibsys_network</marc:subfield>
        </marc:datafield>
        <marc:datafield ind1=" " ind2=" " tag="035">
            <marc:subfield code="a">(NO-TrBIB)030586445</marc:subfield>
        </marc:datafield>
        <marc:datafield ind1=" " ind2=" " tag="035">
            <marc:subfield code="a">(NO-TrBIB)122604598</marc:subfield>
        </marc:datafield>
        <marc:datafield ind1=" " ind2=" " tag="040">
            <marc:subfield code="a">NO-OsNB</marc:subfield>
            <marc:subfield code="b">nob</marc:subfield>
            <marc:subfield code="e">katreg</marc:subfield>
        </marc:datafield>
        <marc:datafield ind1=" " ind2=" " tag="042">
            <marc:subfield code="a">norbibl</marc:subfield>
        </marc:datafield>
        <marc:datafield ind1=" " ind2=" " tag="044">
            <marc:subfield code="c">no</marc:subfield>
        </marc:datafield>
        <marc:datafield ind1="1" ind2=" " tag="100">
            <marc:subfield code="a">Mitchell, Adrian</marc:subfield>
            <marc:subfield code="d">1932-2008</marc:subfield>
            <marc:subfield code="e">bearbeider</marc:subfield>
            <marc:subfield code="4">adp</marc:subfield>
            <marc:subfield code="0">85486592</marc:subfield>
            <marc:subfield code="1">http://viaf.org/viaf/85486592</marc:subfield>
        </marc:datafield>
        <marc:datafield ind1="1" ind2="0" tag="240">
            <marc:subfield code="a">The chronicles of Narnia: the lion, the witch, and the wardrobe</marc:subfield>
            <marc:subfield code="l">Norsk</marc:subfield>
            <marc:subfield code="0">959936026</marc:subfield>
            <marc:subfield code="1">http://www.worldcat.org/oclc/959936026</marc:subfield>
        </marc:datafield>
        <marc:datafield ind1="1" ind2="0" tag="245">
            <marc:subfield code="a">Draumen om Narnia :</marc:subfield>
            <marc:subfield code="b">løva, heksa og klesskapet /</marc:subfield>
            <marc:subfield code="c">av C.S. Lewis ; dramatisert av Adrian Mitchell ; til norsk ved Marit Tusvik ; songar ved Ola E. Bø, Marit Tusvik ; omarbeid for Det norske teatret av Bjørn Sæter</marc:subfield>
        </marc:datafield>
        <marc:datafield ind1="1" ind2=" " tag="246">
            <marc:subfield code="a">The lion, the witch and the wardrobe</marc:subfield>
            <marc:subfield code="i">Originaltittel</marc:subfield>
        </marc:datafield>
        <marc:datafield ind1=" " ind2=" " tag="260">
            <marc:subfield code="a">[Oslo] :</marc:subfield>
            <marc:subfield code="b">[Det norske teatret],</marc:subfield>
            <marc:subfield code="c">2002.</marc:subfield>
        </marc:datafield>
        <marc:datafield ind1=" " ind2=" " tag="300">
            <marc:subfield code="a">123 bl. ;</marc:subfield>
            <marc:subfield code="c">30 cm</marc:subfield>
        </marc:datafield>
        <marc:datafield ind1=" " ind2=" " tag="336">
            <marc:subfield code="a">text</marc:subfield>
            <marc:subfield code="b">txt</marc:subfield>
            <marc:subfield code="0">http://rdaregistry.info/termList/RDAContentType/1020</marc:subfield>
            <marc:subfield code="2">rdacontent</marc:subfield>
        </marc:datafield>
        <marc:datafield ind1=" " ind2=" " tag="337">
            <marc:subfield code="a">unmediated</marc:subfield>
            <marc:subfield code="0">http://rdaregistry.info/termList/RDAMediaType/1007</marc:subfield>
            <marc:subfield code="2">rdacontent</marc:subfield>
        </marc:datafield>
        <marc:datafield ind1=" " ind2=" " tag="338">
            <marc:subfield code="a">volume</marc:subfield>
            <marc:subfield code="0">http://rdaregistry.info/termList/RDACarrierType/1049</marc:subfield>
            <marc:subfield code="2">rdacontent</marc:subfield>
        </marc:datafield>
        <marc:datafield ind1=" " ind2=" " tag="380">
            <marc:subfield code="a">regibøker</marc:subfield>
            <marc:subfield code="2">humord</marc:subfield>
        </marc:datafield>
        <marc:datafield ind1=" " ind2=" " tag="500">
            <marc:subfield code="a">Teatermanus</marc:subfield>
        </marc:datafield>
        <marc:datafield ind1=" " ind2=" " tag="500">
            <marc:subfield code="a">Oppført på Det norske teatret, Hovudscenen, vinteren 2002</marc:subfield>
        </marc:datafield>
        <marc:datafield ind1=" " ind2=" " tag="653">
            <marc:subfield code="a">Engelsk</marc:subfield>
            <marc:subfield code="a">Litteratur</marc:subfield>
        </marc:datafield>
        <marc:datafield ind1="1" ind2="2" tag="700">
            <marc:subfield code="a">Lewis, C.S.</marc:subfield>
            <marc:subfield code="q">(Clive Staples)</marc:subfield>
            <marc:subfield code="d">1898-1963</marc:subfield>
            <marc:subfield code="e">forfatter</marc:subfield>
            <marc:subfield code="e">idéskaper</marc:subfield>
            <marc:subfield code="4">aut</marc:subfield>
            <marc:subfield code="4">ccp</marc:subfield>
            <marc:subfield code="0">22144877</marc:subfield>
            <marc:subfield code="1">http://viaf.org/viaf/22144877</marc:subfield>
        </marc:datafield>
        <marc:datafield ind1="1" ind2=" " tag="700">
            <marc:subfield code="a">Sæter, Bjørn,</marc:subfield>
            <marc:subfield code="d">1950-</marc:subfield>
            <marc:subfield code="e">medarb.</marc:subfield>
            <marc:subfield code="4">ctb</marc:subfield>
            <marc:subfield code="0">305077461</marc:subfield>
            <marc:subfield code="1">http://viaf.org/viaf/305077461</marc:subfield>
        </marc:datafield>
        <marc:datafield ind1="1" ind2=" " tag="700">
            <marc:subfield code="a">Tusvik, Marit,</marc:subfield>
            <marc:subfield code="d">1951-</marc:subfield>
            <marc:subfield code="e">oversetter</marc:subfield>
            <marc:subfield code="4">trl</marc:subfield>
            <marc:subfield code="0">90719656</marc:subfield>
            <marc:subfield code="1">http://viaf.org/viaf/90719656</marc:subfield>
        </marc:datafield>
        <marc:datafield ind1="2" ind2=" " tag="710">
            <marc:subfield code="a">Det Norske teatret</marc:subfield>
            <marc:subfield code="0">(NO-TrBIB)90061105</marc:subfield>
        </marc:datafield>
        <marc:datafield ind1=" " ind2=" " tag="912">
            <marc:subfield code="k">3</marc:subfield>
            <marc:subfield code="m">6</marc:subfield>
            <marc:subfield code="t">9</marc:subfield>
        </marc:datafield>
        <marc:datafield ind1=" " ind2=" " tag="913">
            <marc:subfield code="a">Norbok</marc:subfield>
            <marc:subfield code="b">NB</marc:subfield>
        </marc:datafield>
        <marc:datafield ind1=" " ind2=" " tag="931">
            <marc:subfield code="a">3</marc:subfield>
        </marc:datafield>
        <marc:datafield ind1=" " ind2=" " tag="932">
            <marc:subfield code="a">6</marc:subfield>
        </marc:datafield>
        <marc:datafield ind1=" " ind2=" " tag="933">
            <marc:subfield code="a">9</marc:subfield>
        </marc:datafield>
    </marc:record>