
    <marc:record>
        <marc:leader>01587cam a2200385 c 4500</marc:leader>
        <marc:controlfield tag="001">999920132574702201</marc:controlfield>
        <marc:controlfield tag="005">20180305085908.0</marc:controlfield>
        <marc:controlfield tag="007">ta</marc:controlfield>
        <marc:controlfield tag="008">160215s2016    xxk ||||     |00| 1 eng c</marc:controlfield>
        <marc:datafield ind1=" " ind2=" " tag="020">
            <marc:subfield code="a">978-0-7515-6535-5</marc:subfield>
            <marc:subfield code="2">ib.</marc:subfield>
        </marc:datafield>
        <marc:datafield ind1=" " ind2=" " tag="035">
            <marc:subfield code="a">(BOKR)9780751565355</marc:subfield>
        </marc:datafield>
        <marc:datafield ind1=" " ind2=" " tag="035">
            <marc:subfield code="a">(LIBRIS)19272315</marc:subfield>
        </marc:datafield>
        <marc:datafield ind1=" " ind2=" " tag="035">
            <marc:subfield code="a">(WOACT)0000018673</marc:subfield>
        </marc:datafield>
        <marc:datafield ind1=" " ind2=" " tag="040">
            <marc:subfield code="a">BOKR</marc:subfield>
            <marc:subfield code="b">nob</marc:subfield>
            <marc:subfield code="d">NO-TrBIB</marc:subfield>
            <marc:subfield code="e">katreg</marc:subfield>
        </marc:datafield>
        <marc:datafield ind1="1" ind2=" " tag="100">
            <marc:subfield code="a">Thorne, Jack</marc:subfield>
            <marc:subfield code="d">1978-</marc:subfield>
            <marc:subfield code="e">forfatter</marc:subfield>
            <marc:subfield code="4">aut</marc:subfield>
            <marc:subfield code="0">73601326</marc:subfield>
            <marc:subfield code="1">http://viaf.org/viaf/73601326</marc:subfield>
        </marc:datafield>
        <marc:datafield ind1="1" ind2="0" tag="240">
            <marc:subfield code="a">Harry Potter and the cursed child : Parts one and two</marc:subfield>
            <marc:subfield code="l">Engelsk</marc:subfield>
            <marc:subfield code="0">1081311786</marc:subfield>
            <marc:subfield code="1">http://www.worldcat.org/oclc/1081311786</marc:subfield>
        </marc:datafield>
        <marc:datafield ind1="1" ind2="0" tag="245">
            <marc:subfield code="a">Harry Potter and the Cursed Child /</marc:subfield>
            <marc:subfield code="c">Based on an original new story by J.K. Rowling, John Tiffany &amp; Jack Thorne ; a new play by Jack Thorne.</marc:subfield>
            <marc:subfield code="p">Parts one and two.</marc:subfield>
        </marc:datafield>
        <marc:datafield ind1=" " ind2=" " tag="260">
            <marc:subfield code="a">London :</marc:subfield>
            <marc:subfield code="b">Little, Brown,</marc:subfield>
            <marc:subfield code="c">2016.</marc:subfield>
        </marc:datafield>
        <marc:datafield ind1=" " ind2=" " tag="300">
            <marc:subfield code="a">343 s.</marc:subfield>
        </marc:datafield>
        <marc:datafield ind1=" " ind2=" " tag="336">
            <marc:subfield code="a">text</marc:subfield>
            <marc:subfield code="b">txt</marc:subfield>
            <marc:subfield code="0">http://rdaregistry.info/termList/RDAContentType/1020</marc:subfield>
            <marc:subfield code="2">rdacontent</marc:subfield>
        </marc:datafield>
        <marc:datafield ind1=" " ind2=" " tag="337">
            <marc:subfield code="a">unmediated</marc:subfield>
            <marc:subfield code="0">http://rdaregistry.info/termList/RDAMediaType/1007</marc:subfield>
            <marc:subfield code="2">rdacontent</marc:subfield>
        </marc:datafield>
        <marc:datafield ind1=" " ind2=" " tag="338">
            <marc:subfield code="a">volume</marc:subfield>
            <marc:subfield code="0">http://rdaregistry.info/termList/RDACarrierType/1049</marc:subfield>
            <marc:subfield code="2">rdacontent</marc:subfield>
        </marc:datafield>
        <marc:datafield ind1=" " ind2=" " tag="380">
            <marc:subfield code="a">regibøker</marc:subfield>
            <marc:subfield code="2">humord</marc:subfield>
        </marc:datafield>
        <marc:datafield ind1=" " ind2=" " tag="500">
            <marc:subfield code="a">På omslag står det "Special rehearsal edition script"</marc:subfield>
        </marc:datafield>
        <marc:datafield ind1=" " ind2="0" tag="653">
            <marc:subfield code="a">Engelsk litteratur</marc:subfield>
            <marc:subfield code="a">Litteratur</marc:subfield>
            <marc:subfield code="a">Skuespill</marc:subfield>
            <marc:subfield code="a">Fantasy</marc:subfield>
            <marc:subfield code="a">Barnebøker</marc:subfield>
            <marc:subfield code="a">Barnelitteratur</marc:subfield>
        </marc:datafield>
        <marc:datafield ind1="1" ind2=" " tag="700">
            <marc:subfield code="a">Rowling, J.K.</marc:subfield>
            <marc:subfield code="q">(Joanne Kathleen)</marc:subfield>
            <marc:subfield code="d">1965-</marc:subfield>
            <marc:subfield code="e">idéskaper</marc:subfield>
            <marc:subfield code="4">ccp</marc:subfield>
            <marc:subfield code="0">116796842</marc:subfield>
            <marc:subfield code="1">http://viaf.org/viaf/116796842</marc:subfield>
        </marc:datafield>
        <marc:datafield ind1="1" ind2=" " tag="700">
            <marc:subfield code="a">Tiffany, John</marc:subfield>
            <marc:subfield code="d">1971-</marc:subfield>
            <marc:subfield code="e">forfatter</marc:subfield>
            <marc:subfield code="4">aut</marc:subfield>
            <marc:subfield code="0">114147118253426341579</marc:subfield>
            <marc:subfield code="1">http://viaf.org/viaf/114147118253426341579</marc:subfield>
        </marc:datafield>
        <marc:datafield ind1="1" ind2="0" tag="700">
            <marc:subfield code="a">Rowling, J.K.</marc:subfield>
            <marc:subfield code="d">1965-</marc:subfield>
            <marc:subfield code="i">is text for work</marc:subfield>
            <marc:subfield code="t">Harry Potter</marc:subfield>
            <marc:subfield code="1">https://www.wikidata.org/wiki/Q8337</marc:subfield>
            <marc:subfield code="4">http://rdaregistry.info/Elements/w/textForWork.en</marc:subfield>
        </marc:datafield>
    </marc:record>