
    <marc:record>
        <!-- Tale -->
        <!-- Post 201 -->
        <marc:leader>02002nam a2200325 a 4500</marc:leader>
        <marc:controlfield tag="001">000040298451</marc:controlfield>
        <marc:controlfield tag="003">CaOOAMICUS</marc:controlfield>
        <marc:controlfield tag="005">20120202 .0</marc:controlfield>
        <marc:controlfield tag="008">020619r20021999xxuab 000 1 eng d</marc:controlfield>
        <marc:datafield ind1=" " ind2=" " tag="010">
            <marc:subfield code="a">98037954</marc:subfield>
        </marc:datafield>
        <marc:datafield ind1=" " ind2=" " tag="020">
            <marc:subfield code="a">9780553381696 (h.)</marc:subfield>
        </marc:datafield>
        <marc:datafield ind1=" " ind2=" " tag="040">
            <marc:subfield code="a">CaBVIV</marc:subfield>
            <marc:subfield code="b">eng</marc:subfield>
            <marc:subfield code="d">QMBM</marc:subfield>
        </marc:datafield>
        <marc:datafield ind1="1" ind2=" " tag="100">
            <marc:subfield code="a">Martin, George R.R.</marc:subfield>
            <marc:subfield code="q">(Raymond Richard)</marc:subfield>
            <marc:subfield code="d">1948-</marc:subfield>
            <marc:subfield code="e">forfatter</marc:subfield>
            <marc:subfield code="4">aut</marc:subfield>
            <marc:subfield code="0">98636170</marc:subfield>
            <marc:subfield code="1">http://viaf.org/viaf/98636170</marc:subfield>
        </marc:datafield>
        <marc:datafield ind1="1" ind2="2" tag="240">
            <marc:subfield code="a">A clash of kings</marc:subfield>
            <marc:subfield code="l">engelsk</marc:subfield>
            <marc:subfield code="1">https://www.wikidata.org/wiki/Q300370</marc:subfield>
        </marc:datafield>
        <marc:datafield ind1="1" ind2="2" tag="245">
            <marc:subfield code="a">A clash of kings /</marc:subfield>
            <marc:subfield code="c">George R.R. Martin.</marc:subfield>
        </marc:datafield>
        <marc:datafield ind1=" " ind2=" " tag="250">
            <marc:subfield code="a">Bantam trade paperback edition</marc:subfield>
        </marc:datafield>
        <marc:datafield ind1=" " ind2=" " tag="260">
            <marc:subfield code="a">New York :</marc:subfield>
            <marc:subfield code="b">Bantam Books,</marc:subfield>
            <marc:subfield code="c">2002.</marc:subfield>
        </marc:datafield>
        <marc:datafield ind1=" " ind2=" " tag="300">
            <marc:subfield code="a">761 s.</marc:subfield>
            <marc:subfield code="b">ill., kart</marc:subfield>
            <marc:subfield code="c">24 cm.</marc:subfield>
        </marc:datafield>
        <marc:datafield tag="336" ind1=" " ind2=" ">
            <marc:subfield code="a">text</marc:subfield>
            <marc:subfield code="b">txt</marc:subfield>
            <marc:subfield code="0">http://rdaregistry.info/termList/RDAContentType/1020</marc:subfield>
            <marc:subfield code="2">rdacontent</marc:subfield>
        </marc:datafield>
        <marc:datafield tag="337" ind1=" " ind2=" ">
            <marc:subfield code="a">unmediated</marc:subfield>
            <marc:subfield code="0">http://rdaregistry.info/termList/RDAMediaType/1007</marc:subfield>
            <marc:subfield code="2">rdamedia</marc:subfield>
        </marc:datafield>
        <marc:datafield tag="338" ind1=" " ind2=" ">
            <marc:subfield code="a">volume</marc:subfield>
            <marc:subfield code="0">http://rdaregistry.info/termList/RDACarrierType/1001</marc:subfield>
            <marc:subfield code="2">rdacarrier</marc:subfield>
        </marc:datafield>
        <marc:datafield tag="380" ind1=" " ind2=" ">
            <marc:subfield code="a">novel</marc:subfield>
            <marc:subfield code="2">marcgt</marc:subfield>
        </marc:datafield>
        <marc:datafield ind1="1" ind2=" " tag="490">
            <marc:subfield code="a">Song of ice and fire ;</marc:subfield>
            <marc:subfield code="v">2.</marc:subfield>
        </marc:datafield>
        <marc:datafield ind1=" " ind2=" " tag="520">
            <marc:subfield code="a">"A comet the color of blood and flame cuts across
      the sky. Two great leaders - Lord Eddard Stark and Robert Baratheon - who
      hold sway over an age of enforced peace are dead, victims of royal treachery.
      Now, from the ancient citadel of Dragonstone to the forbidding shores of
      Winterfell, chaos reigns. Six factions struggle for control of a divided
      land and the Iron Throne of the Seven Kingdoms, preparing to stake their
      claims through tempest, turmoil, and war. It is a tale in which brother plots
      against brother and the dead rise to walk in the night. Here a princess
      masquerades as an orphan boy; a knight of the mind prepares a poison for a
      treacherous sorceress; and wild men descend from the Mountains of the
      Moon to ravage the countryside. Against a backdrop of incest and fratricide,
      alchemy and murder, victory may go to the men and women possessed of the
      coldest steel... and the coldest hearts. For when kings clash, the whole
      land trembles."--Book cover.</marc:subfield>
        </marc:datafield>
        <marc:datafield ind1=" " ind2="7" tag="650">
            <marc:subfield code="a">Fantasy</marc:subfield>
            <marc:subfield code="2">http://data.ub.uio.no/humord/c07057 </marc:subfield>
        </marc:datafield>
        <marc:datafield ind1=" " ind2="7" tag="650">
            <marc:subfield code="a">Alkymi</marc:subfield>
            <marc:subfield code="v">skjønnlitteratur</marc:subfield>
            <marc:subfield code="2">http://data.ub.uio.no/humord/c08336</marc:subfield>
        </marc:datafield>
        <marc:datafield ind1=" " ind2="7" tag="650">
            <marc:subfield code="a">Enevelde</marc:subfield>
            <marc:subfield code="v">skjønnlitteratur</marc:subfield>
            <marc:subfield code="2">http://data.ub.uio.no/humord/c09738</marc:subfield>
        </marc:datafield>
        <marc:datafield ind1=" " ind2="0" tag="653">
            <marc:subfield code="a">Imaginære kriger og kamper</marc:subfield>
        </marc:datafield>
        <marc:datafield ind1="1" ind2=" " tag="800">
            <marc:subfield code="a">Martin, George R.R.</marc:subfield>
            <marc:subfield code="d">1948-</marc:subfield>
            <marc:subfield code="l">engelsk</marc:subfield>
            <marc:subfield code="t">A song of ice and fire.</marc:subfield>
            <marc:subfield code="v">2</marc:subfield>
            <marc:subfield code="0">Q45875</marc:subfield>
            <marc:subfield code="1">https://www.wikidata.org/wiki/Q45875</marc:subfield>
        </marc:datafield>
    </marc:record>