
    <marc:record>
        <!-- Post 207 -->
        <marc:leader>01421nam a2200289 a 4500</marc:leader>
        <marc:controlfield tag="001">sqtd1801633</marc:controlfield>
        <marc:controlfield tag="003">SQTD</marc:controlfield>
        <marc:controlfield tag="005">20140211052904.0</marc:controlfield>
        <marc:controlfield tag="006">m o d</marc:controlfield>
        <marc:controlfield tag="007">cr un</marc:controlfield>
        <marc:controlfield tag="008">0 2011 o fre</marc:controlfield>
        <marc:datafield ind1=" " ind2=" " tag="020">
            <marc:subfield code="a">9782366290080 (ePub)</marc:subfield>
        </marc:datafield>
        <marc:datafield ind1=" " ind2=" " tag="035">
            <marc:subfield code="a">(SQTD)1801633</marc:subfield>
        </marc:datafield>
        <marc:datafield ind1=" " ind2=" " tag="035">
            <marc:subfield code="a">(BAnQ)0004650496</marc:subfield>
        </marc:datafield>
        <marc:datafield ind1=" " ind2=" " tag="040">
            <marc:subfield code="a">QMBND</marc:subfield>
            <marc:subfield code="b">fre</marc:subfield>
            <marc:subfield code="d">SQTD</marc:subfield>
            <marc:subfield code="d">QMBM</marc:subfield>
        </marc:datafield>
        <marc:datafield ind1="1" ind2=" " tag="100">
            <marc:subfield code="a">Martin, George R.R.</marc:subfield>
            <marc:subfield code="q">(Raymond Richard)</marc:subfield>
            <marc:subfield code="d">1948-</marc:subfield>
            <marc:subfield code="e">forfatter</marc:subfield>
            <marc:subfield code="4">aut</marc:subfield>
            <marc:subfield code="0">98636170</marc:subfield>
            <marc:subfield code="1">http://viaf.org/viaf/98636170</marc:subfield>
        </marc:datafield>
        <marc:datafield ind1="1" ind2="4" tag="240">
            <marc:subfield code="a">The ice dragon</marc:subfield>
            <marc:subfield code="l">fransk</marc:subfield>
            <marc:subfield code="1">https://www.wikidata.org/wiki/Q2795742</marc:subfield>
        </marc:datafield>
        <marc:datafield ind1="1" ind2="0" tag="245">
            <marc:subfield code="a">Dragon de glace</marc:subfield>
            <marc:subfield code="h">[elektronisk ressurs]:</marc:subfield>
            <marc:subfield code="b">recueil /</marc:subfield>
            <marc:subfield code="c">George R.R. Martin.</marc:subfield>
        </marc:datafield>
        <marc:datafield ind1=" " ind2=" " tag="260">
            <marc:subfield code="a">Ris-Orangis :</marc:subfield>
            <marc:subfield code="b">ActuSF,</marc:subfield>
            <marc:subfield code="c">2011.</marc:subfield>
        </marc:datafield>
        <marc:datafield ind1=" " ind2=" " tag="300">
            <marc:subfield code="a">1 online ressurs (82 s.)</marc:subfield>
        </marc:datafield>
        <marc:datafield tag="336" ind1=" " ind2=" ">
            <marc:subfield code="a">text</marc:subfield>
            <marc:subfield code="b">txt</marc:subfield>
            <marc:subfield code="0">http://rdaregistry.info/termList/RDAContentType/1020</marc:subfield>
            <marc:subfield code="2">rdacontent</marc:subfield>
        </marc:datafield>
        <marc:datafield tag="337" ind1=" " ind2=" ">
            <marc:subfield code="a">computer</marc:subfield>
            <marc:subfield code="0">http://rdaregistry.info/termList/RDAMediaType/1003</marc:subfield>
            <marc:subfield code="2">rdamedia</marc:subfield>
        </marc:datafield>
        <marc:datafield tag="338" ind1=" " ind2=" ">
            <marc:subfield code="a">online resource</marc:subfield>
            <marc:subfield code="0">http://rdaregistry.info/termList/RDACarrierType/1018</marc:subfield>
            <marc:subfield code="2">rdacarrier</marc:subfield>
        </marc:datafield>
        <marc:datafield tag="380" ind1=" " ind2=" ">
            <marc:subfield code="a">romaner</marc:subfield>
            <marc:subfield code="2">humord</marc:subfield>
        </marc:datafield>
        <marc:datafield ind1="1" ind2=" " tag="490">
            <marc:subfield code="a">Perles d'épice.</marc:subfield>
        </marc:datafield>
        <marc:datafield ind1=" " ind2=" " tag="520">
            <marc:subfield code="a">Auteur du fabuleux cycle du Trône de Fer, George R. R.
      Martin nous prouve à travers les quatre nouvelles de ce recueil qu'il est
      aussi bon romancier que noveliste. Il sait tisser des intrigues passionnantes
      et despersonnages puissants, aussi attirants qu'inquiétants. Ce recueil
      contient Le Dragon de glace, Dans les contrées perdues, L'homme en forme de
      poire (prix Bram Stoker), et Portrait de famille (prix Nebula).
      [leslibraires.ca]</marc:subfield>
        </marc:datafield>
        <marc:datafield ind1=" " ind2=" " tag="538">
            <marc:subfield code="a">Configuration requise: Adobe Digital Editions ou Bluefire Reader.</marc:subfield>
        </marc:datafield>
        <marc:datafield ind1="1" ind2="8" tag="776">
            <marc:subfield code="i">Version imprimée:</marc:subfield>
            <marc:subfield code="a">Martin, George R.R., 1948-.</marc:subfield>
            <marc:subfield code="t">Dragon de glace.</marc:subfield>
            <marc:subfield code="d">ActuSF, 2011.</marc:subfield>
            <marc:subfield code="z">9782917689295.</marc:subfield>
        </marc:datafield>
        <marc:datafield ind1=" " ind2="0" tag="830">
            <marc:subfield code="a">Perles d'épice.</marc:subfield>
        </marc:datafield>
    </marc:record>