
    <marc:record>
        <!-- Post 209 -->
        <marc:leader>02596nam a2200253Ka 4500</marc:leader>
        <marc:controlfield tag="001">ODN0004003416</marc:controlfield>
        <marc:controlfield tag="006">m d</marc:controlfield>
        <marc:controlfield tag="007">cr cn----|||||</marc:controlfield>
        <marc:controlfield tag="008">180526s2018 nyu s 000 1 eng d</marc:controlfield>
        <marc:datafield ind1=" " ind2=" " tag="020">
            <marc:subfield code="a">9781524796297</marc:subfield>
        </marc:datafield>
        <marc:datafield ind1=" " ind2=" " tag="037">
            <marc:subfield code="a">A93D24E3-44D0-4483-B7A9-DE666763B095</marc:subfield>
            <marc:subfield code="b">OverDrive, Inc.</marc:subfield>
            <marc:subfield code="n">http://www.overdrive.com</marc:subfield>
        </marc:datafield>
        <marc:datafield ind1=" " ind2=" " tag="040">
            <marc:subfield code="a">TEFOD</marc:subfield>
            <marc:subfield code="c">TEFOD</marc:subfield>
            <marc:subfield code="d">QMBM</marc:subfield>
        </marc:datafield>
        <marc:datafield ind1="1" ind2=" " tag="100">
            <marc:subfield code="a">Martin, George R.R.</marc:subfield>
            <marc:subfield code="q">(Raymond Richard)</marc:subfield>
            <marc:subfield code="d">1948-</marc:subfield>
            <marc:subfield code="e">forfatter</marc:subfield>
            <marc:subfield code="4">aut</marc:subfield>
            <marc:subfield code="0">98636170</marc:subfield>
            <marc:subfield code="1">http://viaf.org/viaf/98636170</marc:subfield>
        </marc:datafield>
        <marc:datafield ind1="1" ind2="0" tag="240">
            <marc:subfield code="a">Fire &amp; Blood : 300 Years Before A Game of Thrones (A Targaryen History)</marc:subfield>
            <marc:subfield code="l">engelsk</marc:subfield>
            <marc:subfield code="1">http://www.worldcat.org/oclc/1061503913</marc:subfield>
        </marc:datafield>
        <marc:datafield ind1="1" ind2="0" tag="245">
            <marc:subfield code="a">Fire &amp; blood</marc:subfield>
            <marc:subfield code="h">[elektronisk ressurs] :</marc:subfield>
            <marc:subfield code="b">300 Years Before A Game of Thrones (A Targaryen History) /</marc:subfield>
            <marc:subfield code="c">George R.R. Martin.</marc:subfield>
        </marc:datafield>
        <marc:datafield ind1="2" ind2=" " tag="246">
            <marc:subfield code="a">Fire and blood.</marc:subfield>
        </marc:datafield>
        <marc:datafield ind1=" " ind2=" " tag="260">
            <marc:subfield code="c">2018.</marc:subfield>
        </marc:datafield>
        <marc:datafield ind1=" " ind2=" " tag="300">
            <marc:subfield code="a">1 online ressurs</marc:subfield>
        </marc:datafield>
        <marc:datafield ind1=" " ind2=" " tag="336">
            <marc:subfield code="a">text</marc:subfield>
            <marc:subfield code="b">txt</marc:subfield>
            <marc:subfield code="0">http://rdaregistry.info/termList/RDAContentType/1020</marc:subfield>
            <marc:subfield code="2">rdacontent</marc:subfield>
        </marc:datafield>
        <marc:datafield ind1=" " ind2=" " tag="337">
            <marc:subfield code="a">computer</marc:subfield>
            <marc:subfield code="b">c</marc:subfield>
            <marc:subfield code="0">http://rdaregistry.info/termList/RDAMediaType/1003</marc:subfield>
            <marc:subfield code="2">rdamedia.</marc:subfield>
        </marc:datafield>
        <marc:datafield ind1=" " ind2=" " tag="338">
            <marc:subfield code="a">online recource</marc:subfield>
            <marc:subfield code="b">cr</marc:subfield>
            <marc:subfield code="0">http://rdaregistry.info/termList/RDACarrierType/1018</marc:subfield>
            <marc:subfield code="2">rdacarrier.</marc:subfield>
        </marc:datafield>
        <marc:datafield ind1=" " ind2=" " tag="380">
            <marc:subfield code="a">romaner</marc:subfield>
            <marc:subfield code="2">humord</marc:subfield>
        </marc:datafield>
        <marc:datafield ind1="0" ind2=" " tag="490">
            <marc:subfield code="a">A song of Ice and Fire.</marc:subfield>
        </marc:datafield>
        <marc:datafield ind1=" " ind2=" " tag="520">
            <marc:subfield code="a">#1 NEW YORK TIMES BESTSELLER &amp;bull; The thrilling
      history of the Targaryens comes to life in this masterly work by the author
      of A Song of Ice and Fire, the inspiration for HBO's Game of Thrones.
      Centuries before theeventsof A Game of Thrones, House Targaryen—the only
      family of dragonlords to survive the Doom of Valyria—took up residence on
      Dragonstone. Fire &amp; Blood begins their tale with the legendary Aegon
      the Conqueror, creator of the Iron Throne, and goes on torecount the generations
      of Targaryens who fought to hold that iconic seat, all the way up to the
      civil war that nearly tore their dynasty apart. What really happened during
      the Dance of the Dragons? Why was it so deadly to visit Valyria after the Doom?
      What were Maegor the Cruel's worst crimes? What was it like in Westeros
      when dragons ruled the skies? These are but a few of the questions answered
      in this essential chronicle, as related by a learned maester of the Citadel
      and featuring more than eighty all-new black-and-white illustrations by
      artist Doug Wheatley. Readers have glimpsed small parts of this narrative
      in such volumes as The World of Ice &amp; Fire, but now, for the first time,
      the full tapestry of Targaryen history is revealed. With all the scope and
      grandeur of Gibbon's The History of the Decline and Fall of the Roman Empire,
      Fire &amp; Blood is the the first volume of the definitive two-part history
      of the Targaryens, giving readers a whole new appreciation for the dynamic,
      often bloody, and always fascinating history of Westeros.</marc:subfield>
        </marc:datafield>
        <marc:datafield ind1=" " ind2=" " tag="533">
            <marc:subfield code="a">Electronic reproduction.</marc:subfield>
            <marc:subfield code="b">New York :</marc:subfield>
            <marc:subfield code="c">Bantam,</marc:subfield>
            <marc:subfield code="d">2018.</marc:subfield>
            <marc:subfield code="n">Requires OverDrive Read (file size: N/A KB) or Adobe
      Digital Editions (file size: 88737 KB) or Kobo app or compatible Kobo device
      (file size: N/A KB) or Amazon Kindle (file size: N/A KB).</marc:subfield>
        </marc:datafield>
        <marc:datafield ind1="1" ind2=" " tag="776">
            <marc:subfield code="c">Original</marc:subfield>
            <marc:subfield code="z">9781524796280</marc:subfield>
        </marc:datafield>
    </marc:record>