
    <marc:record>
        <!-- Post 210 -->
        <marc:leader>03037nam a22003732i 4500</marc:leader>
        <marc:controlfield tag="001">on1022199375</marc:controlfield>
        <marc:controlfield tag="003">OCoLC</marc:controlfield>
        <marc:controlfield tag="008">180210s2018 nyua e 6 000 1 eng d</marc:controlfield>
        <marc:datafield ind1=" " ind2=" " tag="020">
            <marc:subfield code="a">9780440423249 (ib.)</marc:subfield>
        </marc:datafield>
        <marc:datafield ind1=" " ind2=" " tag="035">
            <marc:subfield code="a">(OCoLC)1022199375</marc:subfield>
        </marc:datafield>
        <marc:datafield ind1=" " ind2=" " tag="040">
            <marc:subfield code="a">YDX</marc:subfield>
            <marc:subfield code="b">eng</marc:subfield>
            <marc:subfield code="e">rda</marc:subfield>
            <marc:subfield code="c">YDX</marc:subfield>
            <marc:subfield code="d">ORK</marc:subfield>
            <marc:subfield code="d">OEM</marc:subfield>
            <marc:subfield code="d">VP@</marc:subfield>
            <marc:subfield code="d">OCLCF</marc:subfield>
            <marc:subfield code="d">BDX</marc:subfield>
            <marc:subfield code="d">TXMIN</marc:subfield>
            <marc:subfield code="d">CGP</marc:subfield>
            <marc:subfield code="d">BKL</marc:subfield>
            <marc:subfield code="d">UAP</marc:subfield>
            <marc:subfield code="d">OCLCQ</marc:subfield>
            <marc:subfield code="d">NYP</marc:subfield>
            <marc:subfield code="d">QS5</marc:subfield>
            <marc:subfield code="d">JTH</marc:subfield>
            <marc:subfield code="d">TME</marc:subfield>
            <marc:subfield code="d">TXWHS</marc:subfield>
            <marc:subfield code="d">TCH</marc:subfield>
            <marc:subfield code="d">QMBM</marc:subfield>
        </marc:datafield>
        <marc:datafield ind1="1" ind2=" " tag="100">
            <marc:subfield code="a">Walker, Landry Q.</marc:subfield>
            <marc:subfield code="q">(Landry Quinn)</marc:subfield>
            <marc:subfield code="d">1971-</marc:subfield>
            <marc:subfield code="e">bearbeider</marc:subfield>
            <marc:subfield code="4">adp</marc:subfield>
            <marc:subfield code="0">53961989</marc:subfield>
            <marc:subfield code="1">http://viaf.org/viaf/53961989</marc:subfield>
        </marc:datafield>
        <marc:datafield ind1="1" ind2="2" tag="240">
            <marc:subfield code="a">A clash of kings : the graphic novel.</marc:subfield>
            <marc:subfield code="n">1</marc:subfield>
            <marc:subfield code="l">engelsk</marc:subfield>
            <marc:subfield code="1">http://www.worldcat.org/oclc/1079843452</marc:subfield>
        </marc:datafield>
        <marc:datafield ind1="1" ind2="2" tag="245">
            <marc:subfield code="a">A clash of kings :</marc:subfield>
            <marc:subfield code="b">the graphic novel.</marc:subfield>
            <marc:subfield code="n">1 /</marc:subfield>
            <marc:subfield code="c">George R.R. Martin ; adapted by Landry Q. Walker ;
      art by Mel Rubi ; colors by Ivan Nunes ; lettering by Simon Bowland ;
      original series cover art by Mike S. Miller and colors by Nanjan Jamberi.</marc:subfield>
        </marc:datafield>
        <marc:datafield ind1="1" ind2="4" tag="246">
            <marc:subfield code="a">Clash of kings.</marc:subfield>
            <marc:subfield code="n">Volume one.</marc:subfield>
        </marc:datafield>
        <marc:datafield ind1=" " ind2="1" tag="264">
            <marc:subfield code="a">New York :</marc:subfield>
            <marc:subfield code="b">Bantam Books,</marc:subfield>
            <marc:subfield code="c">[2018].</marc:subfield>
        </marc:datafield>
        <marc:datafield ind1=" " ind2=" " tag="300">
            <marc:subfield code="a">1 volum (uten sidetall)</marc:subfield>
            <marc:subfield code="b">hovedsakelig fargeillustrasjoner</marc:subfield>
            <marc:subfield code="c">27 cm.</marc:subfield>
        </marc:datafield>
        <marc:datafield ind1=" " ind2=" " tag="336">
            <marc:subfield code="a">text</marc:subfield>
            <marc:subfield code="b">txt</marc:subfield>
            <marc:subfield code="0">http://rdaregistry.info/termList/RDAContentType/1020</marc:subfield>
            <marc:subfield code="2">rdacontent.</marc:subfield>
        </marc:datafield>
        <marc:datafield ind1=" " ind2=" " tag="336">
            <marc:subfield code="a">still image</marc:subfield>
            <marc:subfield code="b">sti</marc:subfield>
            <marc:subfield code="0">http://rdaregistry.info/termList/RDAContentType/1014</marc:subfield>
            <marc:subfield code="2">rdacontent.</marc:subfield>
        </marc:datafield>
        <marc:datafield ind1=" " ind2=" " tag="337">
            <marc:subfield code="a">unmediated</marc:subfield>
            <marc:subfield code="b">n</marc:subfield>
            <marc:subfield code="0">http://rdaregistry.info/termList/RDAMediaType/1007</marc:subfield>
            <marc:subfield code="2">rdamedia.</marc:subfield>
        </marc:datafield>
        <marc:datafield ind1=" " ind2=" " tag="338">
            <marc:subfield code="a">volume</marc:subfield>
            <marc:subfield code="b">nc</marc:subfield>
            <marc:subfield code="0">http://rdaregistry.info/termList/RDACarrierType/1049</marc:subfield>
            <marc:subfield code="2">rdacarrier.</marc:subfield>
        </marc:datafield>
        <marc:datafield ind1=" " ind2=" " tag="380">
            <marc:subfield code="a">romaner</marc:subfield>
            <marc:subfield code="b">humord</marc:subfield>
        </marc:datafield>
        <marc:datafield ind1=" " ind2=" " tag="520">
            <marc:subfield code="a">Time is out of joint. The summer of peace and plenty,
      ten years long, is drawing to a close, and the harsh, chill winter approaches
      like an angry beast. Two great leaders--Lord Eddard Stark and King Robert
      Baratheon--whoheldsway over an age of enforced peace are dead, victims of
      royal treachery. Now, from the ancient citadel of Dragonstone to the
      forbidding walls of Winterfell, chaos reigns as pretenders to the Iron
      Throne of the Seven Kingdoms prepare to stake their claims through tempest,
      turmoil, and war. As a prophecy of doom cuts across the sky--a comet the
      color of blood and flame--six factions struggle for control of a divided
      land. Eddard's son Robb has declared himself King in the North. In the
      south,Joffrey, the heir apparent, rules in name only, victim of the scheming
      courtiers who teem over King's Landing. Robert Baratheon's two brothers
      each seek his own dominion, while a disfavored house turns once more to
      conquest. And a continentaway, anexiled queen, the Mother of Dragons, risks
      everything to lead her precious brood across a hard, hot desert to win
      back the crown that is rightfully hers. Against a backdrop of incest and
      fratricide, alchemy and murder, the price of glory may be measured in blood.
      And the spoils of victory may just go to the men and women possessed of
      the coldest steel . . . and the coldest hearts. For when rulers clash, all
      the land feels the tremors.С</marc:subfield>
        </marc:datafield>
        <marc:datafield ind1=" " ind2="7" tag="650">
            <marc:subfield code="a">Draker (fabeldyr)</marc:subfield>
            <marc:subfield code="v">tegneserie</marc:subfield>
            <marc:subfield code="2">http://data.ub.uio.no/humord/c05124</marc:subfield>
        </marc:datafield>
        <marc:datafield ind1=" " ind2="4" tag="650">
            <marc:subfield code="a">Arv og suksesjon</marc:subfield>
            <marc:subfield code="v">Tegneserie</marc:subfield>
        </marc:datafield>
        <marc:datafield ind1=" " ind2="7" tag="650">
            <marc:subfield code="a">Hevn</marc:subfield>
            <marc:subfield code="v">Tegneserie</marc:subfield>
            <marc:subfield code="2">http://data.ub.uio.no/humord/c12778</marc:subfield>
        </marc:datafield>
        <marc:datafield ind1="1" ind2=" " tag="700">
            <marc:subfield code="a">Martin, George R.R.</marc:subfield>
            <marc:subfield code="q">(Raymond Richard)</marc:subfield>
            <marc:subfield code="d">1948-</marc:subfield>
            <marc:subfield code="i">is adapted as graphic novel work</marc:subfield>
            <marc:subfield code="t">A song of ice and fire</marc:subfield>
            <marc:subfield code="0">Q45875</marc:subfield>
            <marc:subfield code="1">https://www.wikidata.org/wiki/Q45875</marc:subfield>
            <marc:subfield code="4">http://rdaregistry.info/Elements/w/P10251</marc:subfield>
        </marc:datafield>
        <marc:datafield ind1="1" ind2=" " tag="700">
            <marc:subfield code="a">Rubi, Mel</marc:subfield>
            <marc:subfield code="e">illustratør</marc:subfield>
            <marc:subfield code="4">ill</marc:subfield>
            <marc:subfield code="0">2409228</marc:subfield>
            <marc:subfield code="1">http://viaf.org/viaf/2409228</marc:subfield>
        </marc:datafield>
        <marc:datafield ind1="1" ind2=" " tag="700">
            <marc:subfield code="a">Bowland, Simon</marc:subfield>
            <marc:subfield code="e">illustratør</marc:subfield>
            <marc:subfield code="4">ill</marc:subfield>
            <marc:subfield code="0">83498608</marc:subfield>
            <marc:subfield code="1">http://viaf.org/viaf/83498608</marc:subfield>
        </marc:datafield>
        <marc:datafield ind1="1" ind2=" " tag="700">
            <marc:subfield code="a">Nunes, Ivan</marc:subfield>
            <marc:subfield code="e">kollorist</marc:subfield>
            <marc:subfield code="4">clr</marc:subfield>
            <marc:subfield code="0">232901827</marc:subfield>
            <marc:subfield code="1">http://viaf.org/viaf/232901827</marc:subfield>
        </marc:datafield>
    </marc:record>