
    <marc:record>
        <!-- Post 211 -->
        <marc:leader>01088nam a2200229 a 4500</marc:leader>
        <marc:controlfield tag="001">01-1113513</marc:controlfield>
        <marc:controlfield tag="005">20080326010000.0</marc:controlfield>
        <marc:controlfield tag="008">080219s2007 fr j 0 fre</marc:controlfield>
        <marc:datafield ind1=" " ind2=" " tag="020">
            <marc:subfield code="a">9782070615865 (h.)</marc:subfield>
        </marc:datafield>
        <marc:datafield ind1=" " ind2=" " tag="035">
            <marc:subfield code="a">A805054</marc:subfield>
        </marc:datafield>
        <marc:datafield ind1=" " ind2=" " tag="040">
            <marc:subfield code="a">SDM</marc:subfield>
            <marc:subfield code="b">fre</marc:subfield>
            <marc:subfield code="d">QMBM</marc:subfield>
        </marc:datafield>
        <marc:datafield ind1="1" ind2=" " tag="100">
            <marc:subfield code="a">Sibley, Brian</marc:subfield>
            <marc:subfield code="d">1949-</marc:subfield>
            <marc:subfield code="e">forfatter</marc:subfield>
            <marc:subfield code="4">aut</marc:subfield>
            <marc:subfield code="0">111582721</marc:subfield>
            <marc:subfield code="1">http://viaf.org/viaf/111582721</marc:subfield>
        </marc:datafield>
        <marc:datafield ind1="1" ind2="4" tag="240">
            <marc:subfield code="a">The golden compass :</marc:subfield>
            <marc:subfield code="b">the official illustrated movie companion</marc:subfield>
            <marc:subfield code="l">fransk</marc:subfield>
            <marc:subfield code="0">165409936</marc:subfield>
            <marc:subfield code="1">http://www.worldcat.org/oclc/165409936</marc:subfield>
        </marc:datafield>
        <marc:datafield ind1="1" ind2="0" tag="245">
            <marc:subfield code="a">À la croisée des mondes : la boussole d'or :</marc:subfield>
            <marc:subfield code="b">le guide officiel du film /</marc:subfield>
            <marc:subfield code="c">Brian Sibley ; [tilleggstekst av Neil Kelly ;
      fransk oversettelse, Karine Chaunac, Marion Roman, Nouannipha Somsai-Simon].</marc:subfield>
        </marc:datafield>
        <marc:datafield ind1="3" ind2="0" tag="246">
            <marc:subfield code="a">Boussole d'or.</marc:subfield>
        </marc:datafield>
        <marc:datafield ind1=" " ind2=" " tag="260">
            <marc:subfield code="a">[Paris] :</marc:subfield>
            <marc:subfield code="b">Gallimard jeunesse,</marc:subfield>
            <marc:subfield code="c">2007.</marc:subfield>
        </marc:datafield>
        <marc:datafield ind1=" " ind2=" " tag="300">
            <marc:subfield code="a">77 s.</marc:subfield>
            <marc:subfield code="b">kol. ill., kart</marc:subfield>
            <marc:subfield code="c">28 cm.</marc:subfield>
        </marc:datafield>
        <marc:datafield tag="336" ind1=" " ind2=" ">
            <marc:subfield code="a">text</marc:subfield>
            <marc:subfield code="b">txt</marc:subfield>
            <marc:subfield code="0">http://rdaregistry.info/termList/RDAContentType/1020</marc:subfield>
            <marc:subfield code="2">rdacontent</marc:subfield>
        </marc:datafield>
        <marc:datafield tag="337" ind1=" " ind2=" ">
            <marc:subfield code="a">unmediated</marc:subfield>
            <marc:subfield code="0">http://rdaregistry.info/termList/RDAMediaType/1007</marc:subfield>
            <marc:subfield code="2">rdamedia</marc:subfield>
        </marc:datafield>
        <marc:datafield tag="338" ind1=" " ind2=" ">
            <marc:subfield code="a">volume</marc:subfield>
            <marc:subfield code="0">http://rdaregistry.info/termList/RDACarrierType/1001</marc:subfield>
            <marc:subfield code="2">rdacarrier</marc:subfield>
        </marc:datafield>
        <marc:datafield tag="380" ind1=" " ind2=" ">
            <marc:subfield code="a">romaner</marc:subfield>
            <marc:subfield code="2">humord</marc:subfield>
        </marc:datafield>
        <marc:datafield ind1="8" ind2=" " tag="520">
            <marc:subfield code="a">Les secrets de réalisation de ##La boussole d'or## à
      travers plus de 150 photographies du tournage du premier tome de la trilogie
      ##À la croisée des mondes## de Philip Pullman. [SDM]</marc:subfield>
        </marc:datafield>
        <marc:datafield ind1=" " ind2=" " tag="534">
            <marc:subfield code="t">The official illustrated movie companion, The Golden Compass.</marc:subfield>
        </marc:datafield>
        <marc:datafield ind1="0" ind2="6" tag="630">
            <marc:subfield code="a">À la croisée des mondes : la boussole d'or (Film)</marc:subfield>
        </marc:datafield>
        <marc:datafield ind1="1" ind2=" " tag="700">
            <marc:subfield code="a">Pullman, Philip</marc:subfield>
            <marc:subfield code="d">1946-</marc:subfield>
            <marc:subfield code="i">is absorbed by work</marc:subfield>
            <marc:subfield code="t">À la croisée des mondes</marc:subfield>
            <marc:subfield code="0">Q129240</marc:subfield>
            <marc:subfield code="1">https://www.wikidata.org/wiki/Q129240</marc:subfield>
            <marc:subfield code="4">	http://rdaregistry.info/Elements/w/absorbedByWork.en</marc:subfield>
        </marc:datafield>
    </marc:record>