
    <marc:record>
        <!-- Post 213 -->
        <marc:leader>02485nam a22003372a 4500</marc:leader>
        <marc:controlfield tag="001">sqtd2299559</marc:controlfield>
        <marc:controlfield tag="003">SQTD</marc:controlfield>
        <marc:controlfield tag="007">ta</marc:controlfield>
        <marc:controlfield tag="008">150910s2015 fr |||| 6 000|1 fre
  </marc:controlfield>
        <marc:datafield ind1=" " ind2=" " tag="020">
            <marc:subfield code="a">9782070655748 (rel.)</marc:subfield>
        </marc:datafield>
        <marc:datafield ind1=" " ind2=" " tag="035">
            <marc:subfield code="a">(SQTD)2299559</marc:subfield>
        </marc:datafield>
        <marc:datafield ind1=" " ind2=" " tag="035">
            <marc:subfield code="a">(SDM)B522246</marc:subfield>
        </marc:datafield>
        <marc:datafield ind1=" " ind2=" " tag="040">
            <marc:subfield code="a">SDM</marc:subfield>
            <marc:subfield code="b">fre</marc:subfield>
            <marc:subfield code="d">SQTD</marc:subfield>
            <marc:subfield code="d">QMBM</marc:subfield>
        </marc:datafield>
        <marc:datafield ind1="1" ind2=" " tag="100">
            <marc:subfield code="a">Melchior, Stéphane</marc:subfield>
            <marc:subfield code="d">1965-</marc:subfield>
            <marc:subfield code="e">forfatter</marc:subfield>
            <marc:subfield code="4">aut</marc:subfield>
            <marc:subfield code="0">59189488</marc:subfield>
            <marc:subfield code="1">http://viaf.org/viaf/59189488</marc:subfield>
        </marc:datafield>
        <marc:datafield ind1="1" ind2="4" tag="240">
            <marc:subfield code="a">Les royaumes du Nord</marc:subfield>
            <marc:subfield code="l">fransk</marc:subfield>
            <marc:subfield code="1">http://www.worldcat.org/oclc/1028477787</marc:subfield>
        </marc:datafield>
        <marc:datafield ind1="1" ind2="4" tag="245">
            <marc:subfield code="a">Les royaumes du Nord.</marc:subfield>
            <marc:subfield code="n">2 /</marc:subfield>
            <marc:subfield code="c">Stéphane Melchior, Clément Oubrerie ; etter arbeidet til Philip Pullman.</marc:subfield>
        </marc:datafield>
        <marc:datafield ind1=" " ind2=" " tag="260">
            <marc:subfield code="a">[Paris] :</marc:subfield>
            <marc:subfield code="b">Gallimard,</marc:subfield>
            <marc:subfield code="c">2015.</marc:subfield>
        </marc:datafield>
        <marc:datafield ind1=" " ind2=" " tag="300">
            <marc:subfield code="a">77 s.</marc:subfield>
            <marc:subfield code="b">hovedsakelig fargeillustrasjoner</marc:subfield>
            <marc:subfield code="c">32 cm.</marc:subfield>
        </marc:datafield>
        <marc:datafield tag="336" ind1=" " ind2=" ">
            <marc:subfield code="a">text</marc:subfield>
            <marc:subfield code="b">txt</marc:subfield>
            <marc:subfield code="0">http://rdaregistry.info/termList/RDAContentType/1020</marc:subfield>
            <marc:subfield code="2">rdacontent</marc:subfield>
        </marc:datafield>
        <marc:datafield tag="337" ind1=" " ind2=" ">
            <marc:subfield code="a">unmediated</marc:subfield>
            <marc:subfield code="0">http://rdaregistry.info/termList/RDAMediaType/1007</marc:subfield>
            <marc:subfield code="2">rdamedia</marc:subfield>
        </marc:datafield>
        <marc:datafield tag="338" ind1=" " ind2=" ">
            <marc:subfield code="a">volume</marc:subfield>
            <marc:subfield code="0">http://rdaregistry.info/termList/RDACarrierType/1001</marc:subfield>
            <marc:subfield code="2">rdacarrier</marc:subfield>
        </marc:datafield>
        <marc:datafield tag="380" ind1=" " ind2=" ">
            <marc:subfield code="a">romaner</marc:subfield>
            <marc:subfield code="2">humord</marc:subfield>
        </marc:datafield>
        <marc:datafield ind1="1" ind2=" " tag="490">
            <marc:subfield code="a">À la croisée des mondes.</marc:subfield>
        </marc:datafield>
        <marc:datafield ind1="1" ind2=" " tag="490">
            <marc:subfield code="a">Fétiche.</marc:subfield>
        </marc:datafield>
        <marc:datafield ind1="8" ind2=" " tag="520">
            <marc:subfield code="a">Second volet d'une adaptation en bande dessinée de la trilogie de fantasy britannique de Philip Pullman. Avec l'aide des gitans qui l'ont prise sous leur aile, Lyra chemine
  vers les Royaumes du Nord afin de retrouver son père, Lord Asriel, qui est prisonnier des ours en armure, ainsi que son ami Roger, qui est retenu dans un lieu sordide où les Enfourneurs mènent d'horribles expériences destinées à séparer les enfants
  de leur daemon. Pour mener à bien sa mission, la fillette aura besoin de toute l'aide que pourra lui apporter Iorek Byrnison, un ours en armure au caractère très difficile... [SDM]</marc:subfield>
        </marc:datafield>
        <marc:datafield ind1="1" ind2=" " tag="520">
            <marc:subfield code="a">Une adaptation magistrale, tant dans le scénario, dense et fidèle à l'original, que dans le graphisme d'une grande générosité, qui restitue parfaitement l'ambiance étrangement
  inquiétante de l'univers foisonnant dans lequel plonge l'héroïne en compagnie d'une galerie de protagonistes hypocrites, fourbes, manipulateurs et mesquins, qui dissimulent leurs visées sous des masques et faux-semblants. La lumière nocturne qui
  nimbe à de multiples reprises les décors fouillés contribue à la mise en place de cette atmosphère si particulière dans laquelle se déroule l'intrigue enlevée d'une redoutable efficacité. Une oeuvre fantastique, puissante et complexe, ample et
  originale, à l'imagination débridée. [SDM]</marc:subfield>
        </marc:datafield>
        <marc:datafield ind1=" " ind2="4" tag="650">
            <marc:subfield code="a">Savnede barn</marc:subfield>
            <marc:subfield code="v">Tegneserier</marc:subfield>
        </marc:datafield>
        <marc:datafield ind1=" " ind2="4" tag="650">
            <marc:subfield code="a">Barnebortføring</marc:subfield>
            <marc:subfield code="v">Tegneserier</marc:subfield>
        </marc:datafield>
        <marc:datafield ind1=" " ind2="7" tag="650">
            <marc:subfield code="a">Bortføring</marc:subfield>
            <marc:subfield code="v">Tegneserier</marc:subfield>
            <marc:subfield code="2">http://data.ub.uio.no/humord/c28128</marc:subfield>
        </marc:datafield>
        <marc:datafield ind1=" " ind2="4" tag="651">
            <marc:subfield code="a">Arktis</marc:subfield>
            <marc:subfield code="v">tegneserier</marc:subfield>
        </marc:datafield>
        <marc:datafield ind1=" " ind2="4" tag="651">
            <marc:subfield code="a">Nordpolen</marc:subfield>
            <marc:subfield code="v">tegneserier</marc:subfield>
        </marc:datafield>
        <marc:datafield ind1="1" ind2=" " tag="700">
            <marc:subfield code="a">Oubrerie, Clément</marc:subfield>
            <marc:subfield code="d">1966-</marc:subfield>
            <marc:subfield code="e">illustratør</marc:subfield>
            <marc:subfield code="4">ill</marc:subfield>
            <marc:subfield code="0">64088483</marc:subfield>
            <marc:subfield code="1">http://viaf.org/viaf/64088483</marc:subfield>
        </marc:datafield>
        <marc:datafield ind1="1" ind2=" " tag="700">
            <marc:subfield code="a">Pullman, Philip</marc:subfield>
            <marc:subfield code="d">1946-</marc:subfield>
            <marc:subfield code="i">is adapted as graphic novel work</marc:subfield>
            <marc:subfield code="t">À la croisée des mondes</marc:subfield>
            <marc:subfield code="0">Q129240</marc:subfield>
            <marc:subfield code="1">https://www.wikidata.org/wiki/Q129240</marc:subfield>
            <marc:subfield code="4">http://rdaregistry.info/Elements/w/P10251</marc:subfield>
        </marc:datafield>
        <marc:datafield ind1="1" ind2=" " tag="800">
            <marc:subfield code="a">Melchior, Stéphane</marc:subfield>
            <marc:subfield code="d">1965-</marc:subfield>
            <marc:subfield code="l">fransk</marc:subfield>
            <marc:subfield code="t">À la croisée des mondes.</marc:subfield>
            <marc:subfield code="v">2</marc:subfield>
            <marc:subfield code="0">Q129240</marc:subfield>
            <marc:subfield code="1">https://www.wikidata.org/wiki/Q129240</marc:subfield>
        </marc:datafield>
        <marc:datafield ind1=" " ind2="0" tag="830">
            <marc:subfield code="a">Fétiche.</marc:subfield>
        </marc:datafield>
    </marc:record>