
    <marc:record>
        <!-- Post 218 -->
        <marc:leader>01351nam a2200253 a 4500</marc:leader>
        <marc:controlfield tag="001">01-1115750</marc:controlfield>
        <marc:controlfield tag="005">20080404010116.0</marc:controlfield>
        <marc:controlfield tag="008">080402t20071998fr f fre
  </marc:controlfield>
        <marc:datafield ind1=" " ind2=" " tag="020">
            <marc:subfield code="a">9782070348190 (h.)</marc:subfield>
        </marc:datafield>
        <marc:datafield ind1=" " ind2=" " tag="035">
            <marc:subfield code="a">A809517</marc:subfield>
        </marc:datafield>
        <marc:datafield ind1=" " ind2=" " tag="040">
            <marc:subfield code="a">SDM</marc:subfield>
            <marc:subfield code="b">fre</marc:subfield>
            <marc:subfield code="d">QMBM</marc:subfield>
        </marc:datafield>
        <marc:datafield ind1="1" ind2=" " tag="100">
            <marc:subfield code="a">Pullman, Philip</marc:subfield>
            <marc:subfield code="d">1946-</marc:subfield>
            <marc:subfield code="e">forfatter</marc:subfield>
            <marc:subfield code="4">aut</marc:subfield>
            <marc:subfield code="0">115199438</marc:subfield>
            <marc:subfield code="1">http://viaf.org/viaf/115199438</marc:subfield>
        </marc:datafield>
        <marc:datafield ind1="1" ind2="0" tag="240">
            <marc:subfield code="a">Northern lights</marc:subfield>
            <marc:subfield code="l">fransk</marc:subfield>
            <marc:subfield code="1">https://www.wikidata.org/wiki/Q169976</marc:subfield>
        </marc:datafield>
        <marc:datafield ind1="1" ind2="0" tag="245">
            <marc:subfield code="a">À la croisée des mondes.</marc:subfield>
            <marc:subfield code="n">1,</marc:subfield>
            <marc:subfield code="p">Les royaumes du Nord /</marc:subfield>
            <marc:subfield code="c">Philip Pullman ; oversatt fra engelsk av Jean Esch.</marc:subfield>
        </marc:datafield>
        <marc:datafield ind1="3" ind2="0" tag="246">
            <marc:subfield code="a">Royaumes du Nord.</marc:subfield>
        </marc:datafield>
        <marc:datafield ind1=" " ind2=" " tag="260">
            <marc:subfield code="a">[Paris] :</marc:subfield>
            <marc:subfield code="b">Gallimard,</marc:subfield>
            <marc:subfield code="c">2007, c1998.</marc:subfield>
        </marc:datafield>
        <marc:datafield ind1=" " ind2=" " tag="300">
            <marc:subfield code="a">533 s.</marc:subfield>
            <marc:subfield code="c">18 cm.</marc:subfield>
        </marc:datafield>
        <marc:datafield tag="336" ind1=" " ind2=" ">
            <marc:subfield code="a">text</marc:subfield>
            <marc:subfield code="b">txt</marc:subfield>
            <marc:subfield code="0">http://rdaregistry.info/termList/RDAContentType/1020</marc:subfield>
            <marc:subfield code="2">rdacontent</marc:subfield>
        </marc:datafield>
        <marc:datafield tag="337" ind1=" " ind2=" ">
            <marc:subfield code="a">unmediated</marc:subfield>
            <marc:subfield code="0">http://rdaregistry.info/termList/RDAMediaType/1007</marc:subfield>
            <marc:subfield code="2">rdamedia</marc:subfield>
        </marc:datafield>
        <marc:datafield tag="338" ind1=" " ind2=" ">
            <marc:subfield code="a">volume</marc:subfield>
            <marc:subfield code="0">http://rdaregistry.info/termList/RDACarrierType/1001</marc:subfield>
            <marc:subfield code="2">rdacarrier</marc:subfield>
        </marc:datafield>
        <marc:datafield tag="380" ind1=" " ind2=" ">
            <marc:subfield code="a">romaner</marc:subfield>
            <marc:subfield code="2">humord</marc:subfield>
        </marc:datafield>
        <marc:datafield ind1=" " ind2="0" tag="440">
            <marc:subfield code="a">Folio ;</marc:subfield>
            <marc:subfield code="v">4615.</marc:subfield>
        </marc:datafield>
        <marc:datafield ind1="8" ind2=" " tag="520">
            <marc:subfield code="a">Premier volume d'une trilogie. Lyra a vécu les onze années de son existence dans un collège d'Oxford. Elle sent qu'elle a un rôle à jouer dans les projets d'exploration
    d'autres mondes qu'a entrepris son père, Lord Asriel. Tout d'abord, elle participe à une expédition vers le Grand Nord, pour la libération d'enfants enlevés en vue de terrifiantes expériences. Un roman fantastique, ample et original, mettant en scène
    une nouvelle Alice qui ne s'aventure pas, cette fois, au pays des merveilles. [SDM]</marc:subfield>
        </marc:datafield>
        <marc:datafield ind1=" " ind2=" " tag="534">
            <marc:subfield code="t">His dark materials. 1, Northern lights.</marc:subfield>
        </marc:datafield>
        <marc:datafield ind1=" " ind2="4" tag="650">
            <marc:subfield code="a">Savnede personer</marc:subfield>
            <marc:subfield code="v">Skjønnlitteratur</marc:subfield>
        </marc:datafield>
        <marc:datafield ind1=" " ind2="4" tag="650">
            <marc:subfield code="a">Barnebortføring</marc:subfield>
            <marc:subfield code="v">Skjønnlitteratur</marc:subfield>
        </marc:datafield>
        <marc:datafield ind1=" " ind2="4" tag="651">
            <marc:subfield code="a">Arktis</marc:subfield>
            <marc:subfield code="v">Skjønnlitteratur</marc:subfield>
        </marc:datafield>
    </marc:record>