
    <marc:record>
        <!-- Post 224 -->
        <marc:leader>00562cam a22001930 450</marc:leader>
        <marc:controlfield tag="001">42670537</marc:controlfield>
        <marc:controlfield tag="005">20011012171433.0</marc:controlfield>
        <marc:controlfield tag="008">000000s2001 uik 00| f eng d</marc:controlfield>
        <marc:datafield ind1=" " ind2=" " tag="020">
            <marc:subfield code="a">0006479901</marc:subfield>
        </marc:datafield>
        <marc:datafield ind1="1" ind2=" " tag="100">
            <marc:subfield code="a">Martin, George R.R.</marc:subfield>
            <marc:subfield code="q">(Raymond Richard)</marc:subfield>
            <marc:subfield code="d">1948-</marc:subfield>
            <marc:subfield code="e">forfatter</marc:subfield>
            <marc:subfield code="4">aut</marc:subfield>
            <marc:subfield code="0">98636170</marc:subfield>
            <marc:subfield code="1">http://viaf.org/viaf/98636170</marc:subfield>
        </marc:datafield>
        <marc:datafield ind1="1" ind2="2" tag="240">
            <marc:subfield code="a">A storm of swords : steel and snow</marc:subfield>
            <marc:subfield code="l">engelsk</marc:subfield>
            <marc:subfield code="1">https://www.wikidata.org/wiki/Q431927</marc:subfield>
        </marc:datafield>
        <marc:datafield ind1="1" ind2="2" tag="245">
            <marc:subfield code="a">A storm of swords :</marc:subfield>
            <marc:subfield code="b">steel and snow /</marc:subfield>
            <marc:subfield code="c">George R.R. Martin.</marc:subfield>
        </marc:datafield>
        <marc:datafield ind1=" " ind2=" " tag="260">
            <marc:subfield code="a">London :</marc:subfield>
            <marc:subfield code="b">HarperCollinsPublishers,</marc:subfield>
            <marc:subfield code="c">2001.</marc:subfield>
        </marc:datafield>
        <marc:datafield ind1=" " ind2=" " tag="300">
            <marc:subfield code="a">661 s.</marc:subfield>
        </marc:datafield>
        <marc:datafield tag="336" ind1=" " ind2=" ">
            <marc:subfield code="a">text</marc:subfield>
            <marc:subfield code="b">txt</marc:subfield>
            <marc:subfield code="0">http://rdaregistry.info/termList/RDAContentType/1020</marc:subfield>
            <marc:subfield code="2">rdacontent</marc:subfield>
        </marc:datafield>
        <marc:datafield tag="337" ind1=" " ind2=" ">
            <marc:subfield code="a">unmediated</marc:subfield>
            <marc:subfield code="0">http://rdaregistry.info/termList/RDAMediaType/1007</marc:subfield>
            <marc:subfield code="2">rdamedia</marc:subfield>
        </marc:datafield>
        <marc:datafield tag="338" ind1=" " ind2=" ">
            <marc:subfield code="a">volume</marc:subfield>
            <marc:subfield code="0">http://rdaregistry.info/termList/RDACarrierType/1001</marc:subfield>
            <marc:subfield code="2">rdacarrier</marc:subfield>
        </marc:datafield>
        <marc:datafield tag="380" ind1=" " ind2=" ">
            <marc:subfield code="a">romaner</marc:subfield>
            <marc:subfield code="2">humord</marc:subfield>
        </marc:datafield>
        <marc:datafield ind1=" " ind2=" " tag="440">
            <marc:subfield code="a">Voyager</marc:subfield>
        </marc:datafield>
        <marc:datafield ind1=" " ind2=" " tag="440">
            <marc:subfield code="a">A song of ice and fire ;</marc:subfield>
            <marc:subfield code="v">book 3, 1</marc:subfield>
        </marc:datafield>
        <marc:datafield ind1=" " ind2=" " tag="534">
            <marc:subfield code="a">Originalutgave: 2000.</marc:subfield>
        </marc:datafield>
        <marc:datafield ind1="1" ind2="7" tag="650">
            <marc:subfield code="a">Fantasy</marc:subfield>
            <marc:subfield code="2">http://data.ub.uio.no/humord/c07057</marc:subfield>
        </marc:datafield>
        <marc:datafield ind1="0" ind2=" " tag="740">
            <marc:subfield code="a">Steel and snow</marc:subfield>
        </marc:datafield>
    </marc:record>