
    <marc:record>
        <!-- Post 238 -->
        <marc:leader>00965nam a22002650 450</marc:leader>
        <marc:controlfield tag="001">41917180</marc:controlfield>
        <marc:controlfield tag="005">20010328110446.0</marc:controlfield>
        <marc:controlfield tag="008">000000s1997 xxu 00| f eng d</marc:controlfield>
        <marc:datafield ind1=" " ind2=" " tag="020">
            <marc:subfield code="a">0345413350</marc:subfield>
        </marc:datafield>
        <marc:datafield ind1="1" ind2=" " tag="100">
            <marc:subfield code="a">Pullman, Philip</marc:subfield>
            <marc:subfield code="d">1946-</marc:subfield>
            <marc:subfield code="e">forfatter</marc:subfield>
            <marc:subfield code="4">aut</marc:subfield>
            <marc:subfield code="0">115199438</marc:subfield>
            <marc:subfield code="1">http://viaf.org/viaf/115199438</marc:subfield>
        </marc:datafield>
        <marc:datafield ind1="1" ind2="0" tag="240">
            <marc:subfield code="a">The golden compass</marc:subfield>
            <marc:subfield code="l">engelsk</marc:subfield>
            <marc:subfield code="1">https://www.wikidata.org/wiki/Q169976</marc:subfield>
        </marc:datafield>
        <marc:datafield ind1="1" ind2="4" tag="245">
            <marc:subfield code="a">The golden compass /</marc:subfield>
            <marc:subfield code="c">Philip Pullman.</marc:subfield>
        </marc:datafield>
        <marc:datafield ind1=" " ind2=" " tag="260">
            <marc:subfield code="a">New York :</marc:subfield>
            <marc:subfield code="b">Ballantine Books,</marc:subfield>
            <marc:subfield code="c">1997.</marc:subfield>
        </marc:datafield>
        <marc:datafield ind1=" " ind2=" " tag="300">
            <marc:subfield code="a">351 s.</marc:subfield>
        </marc:datafield>
        <marc:datafield ind1=" " ind2=" " tag="336">
            <marc:subfield code="a">text</marc:subfield>
            <marc:subfield code="b">txt</marc:subfield>
            <marc:subfield code="0">http://rdaregistry.info/termList/RDAContentType/1020</marc:subfield>
            <marc:subfield code="2">rdacontent</marc:subfield>
        </marc:datafield>
        <marc:datafield ind1=" " ind2=" " tag="337">
            <marc:subfield code="a">unmediated</marc:subfield>
            <marc:subfield code="0">http://rdaregistry.info/termList/RDAMediaType/1007</marc:subfield>
            <marc:subfield code="2">rdamedia</marc:subfield>
        </marc:datafield>
        <marc:datafield ind1=" " ind2=" " tag="338">
            <marc:subfield code="a">volume</marc:subfield>
            <marc:subfield code="0">http://rdaregistry.info/termList/RDACarrierType/1001</marc:subfield>
            <marc:subfield code="2">rdacarrier</marc:subfield>
        </marc:datafield>
        <marc:datafield ind1=" " ind2=" " tag="380">
            <marc:subfield code="a">romaner</marc:subfield>
            <marc:subfield code="2">humord</marc:subfield>
        </marc:datafield>
        <marc:datafield ind1=" " ind2=" " tag="440">
            <marc:subfield code="a">His dark materials ;</marc:subfield>
            <marc:subfield code="v">book 1</marc:subfield>
        </marc:datafield>
        <marc:datafield ind1=" " ind2=" " tag="500">
            <marc:subfield code="a">Tilhørende: The golden compass ; The subtle knife.</marc:subfield>
        </marc:datafield>
        <marc:datafield ind1="8" ind2=" " tag="520">
            <marc:subfield code="a">Fantastisk fortælling. Lyra - 11 år og forældreløs -
      kommer på sporet af noget mystisk og uhyggeligt, da flere og flere børn forsvinder.
      Løsningen findes måske højt mod nord, mellem panserbjørne og flyvende hekse.</marc:subfield>
        </marc:datafield>
        <marc:datafield ind1=" " ind2=" " tag="534">
            <marc:subfield code="a">Engelsk utgave med tittel: Northern lights.</marc:subfield>
        </marc:datafield>
        <marc:datafield ind1=" " ind2="7" tag="650">
            <marc:subfield code="a">Fantasy</marc:subfield>
            <marc:subfield code="2">http://data.ub.uio.no/humord/c07057</marc:subfield>
        </marc:datafield>
        <marc:datafield ind1=" " ind2="4" tag="650">
            <marc:subfield code="a">Godhet</marc:subfield>
        </marc:datafield>
        <marc:datafield ind1=" " ind2="4" tag="650">
            <marc:subfield code="a">Ondskap</marc:subfield>
        </marc:datafield>
        <marc:datafield ind1=" " ind2="4" tag="650">
            <marc:subfield code="a">Parallelle verdener</marc:subfield>
        </marc:datafield>
        <marc:datafield ind1=" " ind2="4" tag="651">
            <marc:subfield code="a">England</marc:subfield>
        </marc:datafield>
        <marc:datafield ind1=" " ind2="4" tag="651">
            <marc:subfield code="a">Norge</marc:subfield>
        </marc:datafield>
        <marc:datafield ind1=" " ind2="4" tag="651">
            <marc:subfield code="a">Arktis</marc:subfield>
        </marc:datafield>
    </marc:record>