
    <marc:record>
        <!-- Post 241 -->
        <marc:leader>04222ngm a2200709 c 4500</marc:leader>
        <marc:controlfield tag="001">a6424976</marc:controlfield>
        <marc:controlfield tag="003">SpMaBN</marc:controlfield>
        <marc:controlfield tag="005">20190222131032.6</marc:controlfield>
        <marc:controlfield tag="007">vd*csaizk</marc:controlfield>
        <marc:controlfield tag="008">190215s2018 sp 566 g vlmul
  </marc:controlfield>
        <marc:datafield ind1=" " ind2=" " tag="017">
            <marc:subfield code="a">M 12412-2018</marc:subfield>
            <marc:subfield code="b">Oficina Depósito Legal Madrid</marc:subfield>
        </marc:datafield>
        <marc:datafield ind1="3" ind2=" " tag="024">
            <marc:subfield code="a">8420266016775</marc:subfield>
        </marc:datafield>
        <marc:datafield ind1="4" ind2="0" tag="028">
            <marc:subfield code="a">F5-BUHD 7573353</marc:subfield>
            <marc:subfield code="b">HBO</marc:subfield>
        </marc:datafield>
        <marc:datafield ind1=" " ind2=" " tag="040">
            <marc:subfield code="a">SpMaBN</marc:subfield>
            <marc:subfield code="b">spa</marc:subfield>
            <marc:subfield code="c">SpMaBN</marc:subfield>
            <marc:subfield code="e">rdc</marc:subfield>
        </marc:datafield>
        <marc:datafield ind1="1" ind2=" " tag="041">
            <marc:subfield code="a">mul</marc:subfield>
            <marc:subfield code="j">mul</marc:subfield>
            <marc:subfield code="h">eng</marc:subfield>
        </marc:datafield>
        <marc:datafield ind1="0" ind2=" " tag="130">
            <marc:subfield code="a">Game of thrones (TV-serie)</marc:subfield>
            <marc:subfield code="l">Flerspråklig</marc:subfield>
            <marc:subfield code="0">tt0944947</marc:subfield>
            <marc:subfield code="1">https://www.imdb.com/title/tt0944947</marc:subfield>
        </marc:datafield>
        <marc:datafield ind1="1" ind2="0" tag="240">
            <marc:subfield code="a">Game of Thrones: the complete first season</marc:subfield>
            <marc:subfield code="l">flerspråklig</marc:subfield>
            <marc:subfield code="1">https://www.wikidata.org/wiki/Q1658029</marc:subfield>
        </marc:datafield>
        <marc:datafield ind1="1" ind2="0" tag="245">
            <marc:subfield code="a">Juego de tronos :</marc:subfield>
            <marc:subfield code="n">primera temporada completa /</marc:subfield>
            <marc:subfield code="c">Created by David Benioff, D.B. Weiss ; directed by
      Tim Van Patten ... [et al.] ; produced by Mark Huffam, Frank Doelger ;
      written by David Benioff ... [et al.] ; director of photography, Alik Sakharov,
      Marco Pontecorvo, Matthew Jensen ; music by Ramin Djawadi.</marc:subfield>
        </marc:datafield>
        <marc:datafield ind1=" " ind2=" " tag="260">
            <marc:subfield code="a">[Madrid] :</marc:subfield>
            <marc:subfield code="b">distribuert i Spania av Twentieth Century Fox Home Entertainment,</marc:subfield>
            <marc:subfield code="c">D.L. 2018</marc:subfield>
        </marc:datafield>
        <marc:datafield ind1=" " ind2=" " tag="300">
            <marc:subfield code="a">4 Blu-ray (ca. 566 min)</marc:subfield>
            <marc:subfield code="b">lyd, kol.</marc:subfield>
            <marc:subfield code="e">1 hefte + 1 etui</marc:subfield>
        </marc:datafield>
        <marc:datafield ind1=" " ind2=" " tag="336">
            <marc:subfield code="a">Two-dimensional moving image</marc:subfield>
            <marc:subfield code="0">http://rdaregistry.info/termList/RDAContentType/1023</marc:subfield>
            <marc:subfield code="2">rdacontent</marc:subfield>
        </marc:datafield>
        <marc:datafield ind1=" " ind2=" " tag="337">
            <marc:subfield code="a">video</marc:subfield>
            <marc:subfield code="0">http://rdaregistry.info/termList/RDAMediaType/1008</marc:subfield>
            <marc:subfield code="2">rdadmedia</marc:subfield>
        </marc:datafield>
        <marc:datafield ind1=" " ind2=" " tag="338">
            <marc:subfield code="a">videodisc</marc:subfield>
            <marc:subfield code="0">http://rdaregistry.info/termList/RDACarrierType/1060</marc:subfield>
            <marc:subfield code="2">rdacarrier</marc:subfield>
        </marc:datafield>
        <marc:datafield ind1=" " ind2=" " tag="380">
            <marc:subfield code="a">Fjernsynsserier</marc:subfield>
            <marc:subfield code="2">humord</marc:subfield>
        </marc:datafield>
        <marc:datafield ind1=" " ind2=" " tag="500">
            <marc:subfield code="a">Inkluderer ekstrainnhold</marc:subfield>
        </marc:datafield>
        <marc:datafield ind1=" " ind2=" " tag="500">
            <marc:subfield code="a">Produsert av HBO</marc:subfield>
        </marc:datafield>
        <marc:datafield ind1=" " ind2=" " tag="500">
            <marc:subfield code="a">Basert på "En sang om is og ild" de George R.R. Martin</marc:subfield>
        </marc:datafield>
        <marc:datafield ind1=" " ind2="0" tag="505">
            <marc:subfield code="a">Blu-ray 1. Episode 1-3 -- Blu-ray 2. Episode 4-6
      -- Blu-ray 3. Episode 7-9 -- Blu-ray 4. Episode 10</marc:subfield>
        </marc:datafield>
        <marc:datafield ind1="1" ind2=" " tag="511">
            <marc:subfield code="a">Sean Bean, Mark Addy, Nikolaj Coster-Waldau</marc:subfield>
        </marc:datafield>
        <marc:datafield ind1="3" ind2=" " tag="520">
            <marc:subfield code="a">La historia se desarrolla en un mundo ficticio de
      carácter medieval donde hay Siete Reinos. Hay tres líneas argumentales
      principales: la crónica de la guerra civil dinástica por el control de
      Poniente, la creciente amenaza de los Otros, seres desconocidos que viven
      al otro lado de un inmenso muro de hielo y el viaje de Daenerys Targaryen</marc:subfield>
        </marc:datafield>
        <marc:datafield ind1="1" ind2=" " tag="521">
            <marc:subfield code="a">No recomendada para menores de 12 años</marc:subfield>
        </marc:datafield>
        <marc:datafield ind1=" " ind2=" " tag="538">
            <marc:subfield code="a">Requisitos del 4K Ultra HD: televisor 4K Ultra HD
      con High Dynamic Range (HDR), reprodusent Blu-ray Ultra HD, cable HDMI 2.0A
      de alta velocidad (categoría 2)</marc:subfield>
        </marc:datafield>
        <marc:datafield ind1=" " ind2=" " tag="538">
            <marc:subfield code="a">Resolución de imagen 2160p Ultra High Definition</marc:subfield>
        </marc:datafield>
        <marc:datafield ind1=" " ind2=" " tag="538">
            <marc:subfield code="a">Formato de película 1.78:1</marc:subfield>
        </marc:datafield>
        <marc:datafield ind1=" " ind2=" " tag="538">
            <marc:subfield code="a">Formato de pantalla 16:9</marc:subfield>
        </marc:datafield>
        <marc:datafield ind1=" " ind2=" " tag="546">
            <marc:subfield code="a">Versiones en inglés, español, francés, alemán, italiano,
      portugués-brasileño, checo, húngaro, polaco y ruso, con subtítulos en español,
      francés, alemán, portugués-brasileño, checo, húngaro, polaco, ruso, holandés,
      danés, finlandés, noruego, sueco, croata, griego, hebreo, portugués, rumano,
      esloveno, turco, chino, coreano y tailandés</marc:subfield>
        </marc:datafield>
        <marc:datafield ind1=" " ind2="4" tag="655">
            <marc:subfield code="a">Fjernsynsserier</marc:subfield>
        </marc:datafield>
        <marc:datafield ind1=" " ind2="4" tag="655">
            <marc:subfield code="a">Action- og eventyrfilmer</marc:subfield>
        </marc:datafield>
        <marc:datafield ind1=" " ind2="4" tag="655">
            <marc:subfield code="a">Dramafilmer</marc:subfield>
        </marc:datafield>
        <marc:datafield ind1="1" ind2=" " tag="700">
            <marc:subfield code="a">Benioff, David</marc:subfield>
            <marc:subfield code="d">1970-</marc:subfield>
            <marc:subfield code="e">idéskaper</marc:subfield>
            <marc:subfield code="4">ccp</marc:subfield>
            <marc:subfield code="1">https://www.imdb.com/name/nm1125275</marc:subfield>
        </marc:datafield>
        <marc:datafield ind1="1" ind2=" " tag="700">
            <marc:subfield code="a">Weiss, D. B.</marc:subfield>
            <marc:subfield code="q">(David Brett)</marc:subfield>
            <marc:subfield code="d">1971-</marc:subfield>
            <marc:subfield code="e">idéskaper</marc:subfield>
            <marc:subfield code="4">ccp</marc:subfield>
            <marc:subfield code="0">nm1888967</marc:subfield>
            <marc:subfield code="1">https://www.imdb.com/name/nm1888967</marc:subfield>
        </marc:datafield>
        <marc:datafield ind1="1" ind2=" " tag="700">
            <marc:subfield code="a">Patten, Tim Van</marc:subfield>
            <marc:subfield code="d">1959-</marc:subfield>
            <marc:subfield code="e">regissør</marc:subfield>
            <marc:subfield code="4">fmd</marc:subfield>
            <marc:subfield code="0">nm0887700</marc:subfield>
            <marc:subfield code="1">https://www.imdb.com/name/nm0887700</marc:subfield>
        </marc:datafield>
        <marc:datafield ind1="1" ind2=" " tag="700">
            <marc:subfield code="a">Huffam, Mark</marc:subfield>
            <marc:subfield code="e">produsent</marc:subfield>
            <marc:subfield code="4">pro</marc:subfield>
            <marc:subfield code="0">nm0400240</marc:subfield>
            <marc:subfield code="1">https://www.imdb.com/name/nm0400240</marc:subfield>
        </marc:datafield>
        <marc:datafield ind1="1" ind2=" " tag="700">
            <marc:subfield code="a">Doelger, Frank</marc:subfield>
            <marc:subfield code="e">produsent</marc:subfield>
            <marc:subfield code="4">pro</marc:subfield>
            <marc:subfield code="0">nm0230361</marc:subfield>
            <marc:subfield code="1">https://www.imdb.com/name/nm0230361</marc:subfield>
        </marc:datafield>
        <marc:datafield ind1="1" ind2=" " tag="700">
            <marc:subfield code="a">Sakharov, Alik</marc:subfield>
            <marc:subfield code="d">1959-</marc:subfield>
            <marc:subfield code="e">filmfotograf</marc:subfield>
            <marc:subfield code="4">cng</marc:subfield>
            <marc:subfield code="0">nm0002399</marc:subfield>
            <marc:subfield code="1">https://www.imdb.com/name/nm0002399</marc:subfield>
        </marc:datafield>
        <marc:datafield ind1="1" ind2=" " tag="700">
            <marc:subfield code="a">Pontecorvo, Marco</marc:subfield>
            <marc:subfield code="b">1966-</marc:subfield>
            <marc:subfield code="e">filmfotograf</marc:subfield>
            <marc:subfield code="4">cng</marc:subfield>
            <marc:subfield code="0">nm0690602</marc:subfield>
            <marc:subfield code="1">https://www.imdb.com/name/nm0690602</marc:subfield>
        </marc:datafield>
        <marc:datafield ind1="1" ind2=" " tag="700">
            <marc:subfield code="a">Jensen, Matthew</marc:subfield>
            <marc:subfield code="e">filmfotograf</marc:subfield>
            <marc:subfield code="4">cng</marc:subfield>
            <marc:subfield code="0">nm0421608</marc:subfield>
            <marc:subfield code="1">https://www.imdb.com/name/nm0421608</marc:subfield>
        </marc:datafield>
        <marc:datafield ind1="1" ind2=" " tag="700">
            <marc:subfield code="a">Djawadi, Ramin</marc:subfield>
            <marc:subfield code="d">1974-</marc:subfield>
            <marc:subfield code="e">komponist</marc:subfield>
            <marc:subfield code="4">cmp</marc:subfield>
            <marc:subfield code="0">nm1014697</marc:subfield>
            <marc:subfield code="1">https://www.imdb.com/name/nm1014697</marc:subfield>
        </marc:datafield>
        <marc:datafield ind1="1" ind2=" " tag="700">
            <marc:subfield code="a">Bean, Sean</marc:subfield>
            <marc:subfield code="d">1959-</marc:subfield>
            <marc:subfield code="e">skuespiller</marc:subfield>
            <marc:subfield code="4">act</marc:subfield>
            <marc:subfield code="0">nm0000293</marc:subfield>
            <marc:subfield code="1">https://www.imdb.com/name/nm0000293</marc:subfield>
        </marc:datafield>
        <marc:datafield ind1="1" ind2=" " tag="700">
            <marc:subfield code="a">Addy, Mark</marc:subfield>
            <marc:subfield code="d">1964-</marc:subfield>
            <marc:subfield code="e">skuespiller</marc:subfield>
            <marc:subfield code="4">act</marc:subfield>
            <marc:subfield code="0">nm0004692</marc:subfield>
            <marc:subfield code="1">https://www.imdb.com/name/nm0004692</marc:subfield>
        </marc:datafield>
        <marc:datafield ind1="1" ind2=" " tag="700">
            <marc:subfield code="a">Coster-Waldau, Nikolaj</marc:subfield>
            <marc:subfield code="d">1970-</marc:subfield>
            <marc:subfield code="e">skuespiller</marc:subfield>
            <marc:subfield code="4">act</marc:subfield>
            <marc:subfield code="0">nm0182666</marc:subfield>
            <marc:subfield code="1">https://www.imdb.com/name/nm0182666</marc:subfield>
        </marc:datafield>
        <marc:datafield ind1="1" ind2=" " tag="700">
            <marc:subfield code="a">Martin, George R.R.</marc:subfield>
            <marc:subfield code="q">(Raymond Richard),</marc:subfield>
            <marc:subfield code="d">1948-,</marc:subfield>
            <marc:subfield code="i">is adapted as television program work</marc:subfield>
            <marc:subfield code="t">Song of ice and fire</marc:subfield>
            <marc:subfield code="0">Q45875</marc:subfield>
            <marc:subfield code="1">https://www.wikidata.org/wiki/Q45875</marc:subfield>
            <marc:subfield code="4">http://rdaregistry.info/Elements/w/P10085</marc:subfield>
        </marc:datafield>
        <marc:datafield ind1="2" ind2=" " tag="710">
            <marc:subfield code="a">HBO</marc:subfield>
        </marc:datafield>
    </marc:record>