
    <marc:record>
        <!-- Post 242 -->
        <marc:leader>03593ngm a22006253c 4500</marc:leader>
        <marc:controlfield tag="001">a5990634</marc:controlfield>
        <marc:controlfield tag="003">SpMaBN</marc:controlfield>
        <marc:controlfield tag="005">20190227193333.4</marc:controlfield>
        <marc:controlfield tag="007">vd*cvaiuq</marc:controlfield>
        <marc:controlfield tag="008">170705s2016 sp 535 g vlspa
  </marc:controlfield>
        <marc:datafield ind1=" " ind2=" " tag="017">
            <marc:subfield code="a">M 29383-2016</marc:subfield>
            <marc:subfield code="b">Oficina Depósito Legal Madrid</marc:subfield>
        </marc:datafield>
        <marc:datafield ind1="4" ind2="0" tag="028">
            <marc:subfield code="a">F5-OES 7950009</marc:subfield>
            <marc:subfield code="b">HBO</marc:subfield>
        </marc:datafield>
        <marc:datafield ind1=" " ind2=" " tag="035">
            <marc:subfield code="a">(OCoLC)1002938488</marc:subfield>
        </marc:datafield>
        <marc:datafield ind1=" " ind2=" " tag="040">
            <marc:subfield code="a">SpMaBN</marc:subfield>
            <marc:subfield code="b">spa</marc:subfield>
            <marc:subfield code="c">SpMaBN</marc:subfield>
            <marc:subfield code="e">rdc</marc:subfield>
        </marc:datafield>
        <marc:datafield ind1=" " ind2=" " tag="041">
            <marc:subfield code="a">spa</marc:subfield>
            <marc:subfield code="a">ger</marc:subfield>
            <marc:subfield code="a">eng</marc:subfield>
            <marc:subfield code="a">fre</marc:subfield>
            <marc:subfield code="j">mul</marc:subfield>
            <marc:subfield code="h">eng</marc:subfield>
        </marc:datafield>
        <marc:datafield ind1="0" ind2=" " tag="130">
            <marc:subfield code="a">Game of thrones (TV-serie)</marc:subfield>
            <marc:subfield code="l">Flerspråklig</marc:subfield>
            <marc:subfield code="0">tt0944947</marc:subfield>
            <marc:subfield code="1">https://www.imdb.com/title/tt0944947</marc:subfield>
        </marc:datafield>
        <marc:datafield ind1="1" ind2="0" tag="240">
            <marc:subfield code="a">Game of Thrones: The complete sixth season</marc:subfield>
            <marc:subfield code="l">flerspråklig</marc:subfield>
            <marc:subfield code="1">https://www.wikidata.org/wiki/Q20704265</marc:subfield>
        </marc:datafield>
        <marc:datafield ind1="1" ind2="0" tag="245">
            <marc:subfield code="a">Juego de tronos :</marc:subfield>
            <marc:subfield code="n">sexta temporada completa /</marc:subfield>
            <marc:subfield code="c">created by David Benioff &amp; D.B. Weiss ; directed
      by Jeremy Podeswa ... [et al.] ; producers, Lisa McAtackney, Greg Spence ;
      written for television by David Benioff ... ; director of photography,
      Gregory Middleton ... [et al.] ; music by Ramin Djawadi.</marc:subfield>
        </marc:datafield>
        <marc:datafield ind1=" " ind2=" " tag="260">
            <marc:subfield code="a">Madrid :</marc:subfield>
            <marc:subfield code="b">distribuert i Spania av Twentieth Century Fox Home Entertainment España,</marc:subfield>
            <marc:subfield code="c">D.L. 2016.</marc:subfield>
        </marc:datafield>
        <marc:datafield ind1=" " ind2=" " tag="300">
            <marc:subfield code="a">5 DVDer (ca. 535 min)</marc:subfield>
            <marc:subfield code="b">lyd, kol.</marc:subfield>
            <marc:subfield code="e">1 hefte + 2 etui</marc:subfield>
        </marc:datafield>
        <marc:datafield ind1=" " ind2=" " tag="336">
            <marc:subfield code="a">Two-dimensional moving image</marc:subfield>
            <marc:subfield code="0">http://rdaregistry.info/termList/RDAContentType/1023</marc:subfield>
            <marc:subfield code="2">rdacontent</marc:subfield>
        </marc:datafield>
        <marc:datafield ind1=" " ind2=" " tag="337">
            <marc:subfield code="a">video</marc:subfield>
            <marc:subfield code="0">http://rdaregistry.info/termList/RDAMediaType/1008</marc:subfield>
            <marc:subfield code="2">rdadmedia</marc:subfield>
        </marc:datafield>
        <marc:datafield ind1=" " ind2=" " tag="338">
            <marc:subfield code="a">videodisc</marc:subfield>
            <marc:subfield code="0">http://rdaregistry.info/termList/RDACarrierType/1060</marc:subfield>
            <marc:subfield code="2">rdacarrier</marc:subfield>
        </marc:datafield>
        <marc:datafield ind1=" " ind2=" " tag="380">
            <marc:subfield code="a">Fjernsynsserier</marc:subfield>
            <marc:subfield code="2">humord</marc:subfield>
        </marc:datafield>
        <marc:datafield ind1=" " ind2=" " tag="500">
            <marc:subfield code="a">Basert på "En sang om is og ild" av George R.R. Martin</marc:subfield>
        </marc:datafield>
        <marc:datafield ind1=" " ind2=" " tag="500">
            <marc:subfield code="a">Inneholder ekstramateriale</marc:subfield>
        </marc:datafield>
        <marc:datafield ind1=" " ind2=" " tag="500">
            <marc:subfield code="a">Produsert av HBO</marc:subfield>
        </marc:datafield>
        <marc:datafield ind1="1" ind2=" " tag="511">
            <marc:subfield code="a">Peter Dinklage, Nikolaj Coster-Waldau, Lena Headey</marc:subfield>
        </marc:datafield>
        <marc:datafield ind1=" " ind2=" " tag="518">
            <marc:subfield code="a">Serie de televisión realizada desde 2011 en Estados Unidos</marc:subfield>
        </marc:datafield>
        <marc:datafield ind1=" " ind2=" " tag="518">
            <marc:subfield code="a">Sexta temporada de 10 episodios realizada en 2016</marc:subfield>
        </marc:datafield>
        <marc:datafield ind1=" " ind2=" " tag="518">
            <marc:subfield code="a">Lugares de rodaje: Irlanda: Belfast, España: Gerona,
      Peñíscola, el Parque Natural de las Bardenas Reales (Navarra), el Castillo
      de Santa Florentina (Canet de Mar, Barcelona), el Castillo de Zafra
      (Guadalajara) y la Alcazaba de Almería</marc:subfield>
        </marc:datafield>
        <marc:datafield ind1="3" ind2=" " tag="520">
            <marc:subfield code="a">Los supervivientes de todos los rincones de Poniente
      se reagrupan para luchar implacablemente por sus inciertos destinos. Rostros
      conocidos forjarán nuevas alianzas para reforzar sus posibilidades estratégicas
      de supervivencia, mientras que nuevos personajes surgirán para desafiar el
      equilibrio de poder en el norte, sur, este y oeste</marc:subfield>
        </marc:datafield>
        <marc:datafield ind1="1" ind2=" " tag="521">
            <marc:subfield code="a">No recomendada a menores de 18 años</marc:subfield>
        </marc:datafield>
        <marc:datafield ind1=" " ind2=" " tag="538">
            <marc:subfield code="a">Formato de película 1.85:1</marc:subfield>
        </marc:datafield>
        <marc:datafield ind1=" " ind2=" " tag="538">
            <marc:subfield code="a">Formato de pantalla 16:9</marc:subfield>
        </marc:datafield>
        <marc:datafield ind1=" " ind2=" " tag="538">
            <marc:subfield code="a">Formato de sonido Dolby Digital 5.1</marc:subfield>
        </marc:datafield>
        <marc:datafield ind1=" " ind2=" " tag="546">
            <marc:subfield code="a">Versiones en español, inglés, alemán y francés con
      subtítulos opcionales en español, francés, alemán, holandés, danés, finés,
      noruego, sueco e inglés codificado para sordos</marc:subfield>
        </marc:datafield>
        <marc:datafield ind1=" " ind2="4" tag="655">
            <marc:subfield code="a">Action- og eventyrfilmer</marc:subfield>
        </marc:datafield>
        <marc:datafield ind1=" " ind2="4" tag="655">
            <marc:subfield code="a">Fjernsynsserier</marc:subfield>
        </marc:datafield>
        <marc:datafield ind1="1" ind2=" " tag="700">
            <marc:subfield code="a">Benioff, David</marc:subfield>
            <marc:subfield code="d">1970-</marc:subfield>
            <marc:subfield code="e">idéskaper</marc:subfield>
            <marc:subfield code="4">ccp</marc:subfield>
            <marc:subfield code="0">nm1125275</marc:subfield>
            <marc:subfield code="1">https://www.imdb.com/name/nm1125275</marc:subfield>
        </marc:datafield>
        <marc:datafield ind1="1" ind2=" " tag="700">
            <marc:subfield code="a">Weiss, D. B.</marc:subfield>
            <marc:subfield code="q">(David Brett)</marc:subfield>
            <marc:subfield code="d">1971-</marc:subfield>
            <marc:subfield code="e">idéskaper</marc:subfield>
            <marc:subfield code="4">ccp</marc:subfield>
            <marc:subfield code="0">nm1888967</marc:subfield>
            <marc:subfield code="1">https://www.imdb.com/name/nm1888967/</marc:subfield>
        </marc:datafield>
        <marc:datafield ind1="1" ind2=" " tag="700">
            <marc:subfield code="a">Podeswa, Jeremy</marc:subfield>
            <marc:subfield code="d">1962-</marc:subfield>
            <marc:subfield code="e">filmfotograf</marc:subfield>
            <marc:subfield code="4">fmd</marc:subfield>
            <marc:subfield code="0">nm0687964</marc:subfield>
            <marc:subfield code="1">https://www.imdb.com/name/nm0687964</marc:subfield>
        </marc:datafield>
        <marc:datafield ind1="1" ind2=" " tag="700">
            <marc:subfield code="a">McAtackney, Lisa</marc:subfield>
            <marc:subfield code="e">produsent</marc:subfield>
            <marc:subfield code="4">pro</marc:subfield>
            <marc:subfield code="0">nm1380874</marc:subfield>
            <marc:subfield code="1">https://www.imdb.com/name/nm1380874</marc:subfield>
        </marc:datafield>
        <marc:datafield ind1="1" ind2=" " tag="700">
            <marc:subfield code="a">Spence, Greg</marc:subfield>
            <marc:subfield code="e">produsent.</marc:subfield>
            <marc:subfield code="4">pro</marc:subfield>
            <marc:subfield code="0">nm0817770</marc:subfield>
            <marc:subfield code="1">https://www.imdb.com/name/nm0817770</marc:subfield>
        </marc:datafield>
        <marc:datafield ind1="1" ind2=" " tag="700">
            <marc:subfield code="a">Middleton, Greg,</marc:subfield>
            <marc:subfield code="e">filmfotograf.</marc:subfield>
            <marc:subfield code="4">cng</marc:subfield>
            <marc:subfield code="0">nm0004545</marc:subfield>
            <marc:subfield code="1">https://www.imdb.com/name/nm0004545</marc:subfield>
        </marc:datafield>
        <marc:datafield ind1="1" ind2=" " tag="700">
            <marc:subfield code="a">Djawadi, Ramin,</marc:subfield>
            <marc:subfield code="d">1974-,</marc:subfield>
            <marc:subfield code="e">komponist.</marc:subfield>
            <marc:subfield code="4">cmp</marc:subfield>
            <marc:subfield code="0">nm1014697</marc:subfield>
            <marc:subfield code="1">https://www.imdb.com/name/nm1014697</marc:subfield>
        </marc:datafield>
        <marc:datafield ind1="1" ind2=" " tag="700">
            <marc:subfield code="a">Dinklage, Peter,</marc:subfield>
            <marc:subfield code="d">1969-,</marc:subfield>
            <marc:subfield code="e">skuespiller.</marc:subfield>
            <marc:subfield code="4">act</marc:subfield>
            <marc:subfield code="0">nm0227759</marc:subfield>
            <marc:subfield code="1">https://www.imdb.com/name/nm0227759</marc:subfield>
        </marc:datafield>
        <marc:datafield ind1="1" ind2=" " tag="700">
            <marc:subfield code="a">Coster-Waldau, Nikolaj,</marc:subfield>
            <marc:subfield code="d">1970-,</marc:subfield>
            <marc:subfield code="e">skuespiller.</marc:subfield>
            <marc:subfield code="4">act</marc:subfield>
            <marc:subfield code="0">nm0182666</marc:subfield>
            <marc:subfield code="1">https://www.imdb.com/name/nm0182666</marc:subfield>
        </marc:datafield>
        <marc:datafield ind1="1" ind2=" " tag="700">
            <marc:subfield code="a">Headey, Lena,</marc:subfield>
            <marc:subfield code="d">1973-,</marc:subfield>
            <marc:subfield code="e">skuespiller.</marc:subfield>
            <marc:subfield code="4">act</marc:subfield>
            <marc:subfield code="0">nm0372176</marc:subfield>
            <marc:subfield code="1">https://www.imdb.com/name/nm0372176</marc:subfield>
        </marc:datafield>
        <marc:datafield ind1="1" ind2=" " tag="700">
            <marc:subfield code="a">Martin, George R.R.</marc:subfield>
            <marc:subfield code="q">(Raymond Richard)</marc:subfield>
            <marc:subfield code="d">1948-</marc:subfield>
            <marc:subfield code="i">is adapted as a television program work</marc:subfield>
            <marc:subfield code="t">A song of ice and fire</marc:subfield>
            <marc:subfield code="0">Q45875</marc:subfield>
            <marc:subfield code="1">https://www.wikidata.org/wiki/Q45875</marc:subfield>
            <marc:subfield code="4">http://rdaregistry.info/Elements/w/P10085</marc:subfield>
        </marc:datafield>
        <marc:datafield ind1="2" ind2=" " tag="710">
            <marc:subfield code="a">HBO</marc:subfield>
        </marc:datafield>
    </marc:record>