
    <marc:record>
        <!-- Post 243 -->
        <marc:leader>03634ngm a22006493c 4500</marc:leader>
        <marc:controlfield tag="001">a5841685</marc:controlfield>
        <marc:controlfield tag="003">SpMaBN</marc:controlfield>
        <marc:controlfield tag="005">20190223004150.7</marc:controlfield>
        <marc:controlfield tag="007">vd*cvaizq</marc:controlfield>
        <marc:controlfield tag="008">160824s2016 sp 520 g vlspa</marc:controlfield>
        <marc:datafield ind1=" " ind2=" " tag="017">
            <marc:subfield code="a">M 20909-2016</marc:subfield>
            <marc:subfield code="b">Oficina Depósito Legal Madrid</marc:subfield>
        </marc:datafield>
        <marc:datafield ind1="3" ind2=" " tag="024">
            <marc:subfield code="a">5051893144017</marc:subfield>
        </marc:datafield>
        <marc:datafield ind1=" " ind2=" " tag="035">
            <marc:subfield code="a">(OCoLC)957762929</marc:subfield>
        </marc:datafield>
        <marc:datafield ind1=" " ind2=" " tag="040">
            <marc:subfield code="a">SpMaBN</marc:subfield>
            <marc:subfield code="b">spa</marc:subfield>
            <marc:subfield code="c">SpMaBN</marc:subfield>
            <marc:subfield code="e">rdc</marc:subfield>
        </marc:datafield>
        <marc:datafield ind1="1" ind2=" " tag="041">
            <marc:subfield code="a">spa</marc:subfield>
            <marc:subfield code="a">eng</marc:subfield>
            <marc:subfield code="a">fre</marc:subfield>
            <marc:subfield code="a">cze</marc:subfield>
            <marc:subfield code="a">hun</marc:subfield>
            <marc:subfield code="a">pol</marc:subfield>
            <marc:subfield code="j">mul</marc:subfield>
            <marc:subfield code="h">eng</marc:subfield>
        </marc:datafield>
        <marc:datafield ind1="0" ind2=" " tag="130">
            <marc:subfield code="a">Game of thrones (TV-serie)</marc:subfield>
            <marc:subfield code="l">Flerspråklig</marc:subfield>
            <marc:subfield code="0">tt0944947</marc:subfield>
            <marc:subfield code="1">https://www.imdb.com/title/tt0944947</marc:subfield>
        </marc:datafield>
        <marc:datafield ind1="1" ind2="0" tag="240">
            <marc:subfield code="a">Game of Thrones: the complete second season</marc:subfield>
            <marc:subfield code="l">flerspråklig</marc:subfield>
            <marc:subfield code="1">https://www.wikidata.org/wiki/Q302358</marc:subfield>
        </marc:datafield>
        <marc:datafield ind1="1" ind2="0" tag="245">
            <marc:subfield code="a">Juego de tronos :</marc:subfield>
            <marc:subfield code="n">segunda temporada completa /</marc:subfield>
            <marc:subfield code="c">Created by David Benioff &amp; D.B. Weiss ;
              directed by Alan Taylor ... [et al.] ; produced by Mark Huffam,
              Frank Doelger ; written by David Benioff ... [et al.] ; director
              of photography, Kramer Morgenthau, P.J. Dillon, Martin Kenzie ;
              music by Ramin Djawadi.</marc:subfield>
        </marc:datafield>
        <marc:datafield ind1=" " ind2=" " tag="250">
            <marc:subfield code="a">Utg. til salgs og/eller til leie</marc:subfield>
        </marc:datafield>
        <marc:datafield ind1=" " ind2=" " tag="260">
            <marc:subfield code="a">[Madrid] :</marc:subfield>
            <marc:subfield code="b">distribuert i Spania av Warner Bros. Entertainment España,</marc:subfield>
            <marc:subfield code="c">D.L. 2016.</marc:subfield>
        </marc:datafield>
        <marc:datafield ind1=" " ind2=" " tag="300">
            <marc:subfield code="a">5 DVDer (ca. 520 min)</marc:subfield>
            <marc:subfield code="b">lyd, kol.</marc:subfield>
            <marc:subfield code="e">1 etui</marc:subfield>
        </marc:datafield>
        <marc:datafield ind1=" " ind2=" " tag="336">
            <marc:subfield code="a">Two-dimensional moving image</marc:subfield>
            <marc:subfield code="0">http://rdaregistry.info/termList/RDAContentType/1023</marc:subfield>
            <marc:subfield code="2">rdacontent</marc:subfield>
        </marc:datafield>
        <marc:datafield ind1=" " ind2=" " tag="337">
            <marc:subfield code="a">video</marc:subfield>
            <marc:subfield code="0">http://rdaregistry.info/termList/RDAMediaType/1008</marc:subfield>
            <marc:subfield code="2">rdadmedia</marc:subfield>
        </marc:datafield>
        <marc:datafield ind1=" " ind2=" " tag="338">
            <marc:subfield code="a">videodisc</marc:subfield>
            <marc:subfield code="0">http://rdaregistry.info/termList/RDACarrierType/1060</marc:subfield>
            <marc:subfield code="2">rdacarrier</marc:subfield>
        </marc:datafield>
        <marc:datafield ind1=" " ind2=" " tag="380">
            <marc:subfield code="a">Fjernsynsserier</marc:subfield>
            <marc:subfield code="2">humord</marc:subfield>
        </marc:datafield>
        <marc:datafield ind1=" " ind2=" " tag="500">
            <marc:subfield code="a">Produsert av HBO</marc:subfield>
        </marc:datafield>
        <marc:datafield ind1=" " ind2=" " tag="500">
            <marc:subfield code="a">Inkluderer ekstramateriale</marc:subfield>
        </marc:datafield>
        <marc:datafield ind1=" " ind2=" " tag="500">
            <marc:subfield code="a">Basert på "En sang om is og ild" av
      George R.R. Martin</marc:subfield>
        </marc:datafield>
        <marc:datafield ind1="0" ind2=" " tag="505">
            <marc:subfield code="a">DVD 1. Episodios 1-2 -- DVD 2. Episodios 3-4 -- DVD 3.
      Episodios 5-6 -- Disco 4. Episodios 7-8 -- DVD 5. Episodios 9-10</marc:subfield>
        </marc:datafield>
        <marc:datafield ind1="1" ind2=" " tag="511">
            <marc:subfield code="a">Sean Bean, Mark Addy, Nikolaj Coster-Waldau</marc:subfield>
        </marc:datafield>
        <marc:datafield ind1=" " ind2=" " tag="518">
            <marc:subfield code="a">Serie de televisión realizada desde 2011 en Estados Unidos</marc:subfield>
        </marc:datafield>
        <marc:datafield ind1=" " ind2=" " tag="518">
            <marc:subfield code="a">Segunda temporada de 10 episodios realizada en 2012</marc:subfield>
        </marc:datafield>
        <marc:datafield ind1=" " ind2=" " tag="518">
            <marc:subfield code="a">Lugares de rodaje: Irlanda, Croacia, Islandia</marc:subfield>
        </marc:datafield>
        <marc:datafield ind1="3" ind2=" " tag="520">
            <marc:subfield code="a">Mientras el invierno se acerca, el joven cruel Joffrey
      se sienta en el trono de Desembarco del Rey, aconsejado por su conspiradora
      madre Cersei y su tío Tyrion, quien ha sido nombrado la Nueva Mano del Rey.
      Al mismo tiempo, un nuevo líder surge entre los salvajes del norte del Muro,
      añadiendo nuevos peligros a Jon Nieve y a la guardia de la Noche. Mientras,
      Daenerys Targaryen busca afianzar su mermado poder en el Este con sus tres
      dragones recién nacidos</marc:subfield>
        </marc:datafield>
        <marc:datafield ind1="1" ind2=" " tag="521">
            <marc:subfield code="a">No recomendada para menores de 12 años</marc:subfield>
        </marc:datafield>
        <marc:datafield ind1=" " ind2=" " tag="538">
            <marc:subfield code="a">Formato de película 1.85:1</marc:subfield>
        </marc:datafield>
        <marc:datafield ind1=" " ind2=" " tag="538">
            <marc:subfield code="a">Formato de pantalla 16:9</marc:subfield>
        </marc:datafield>
        <marc:datafield ind1=" " ind2=" " tag="546">
            <marc:subfield code="a">Versiones en español, inglés, checo, francés, húngaro
      y polaco, con subtítulos en español, francés, checo, húngaro, polaco, holandés,
      danés, finlandés, hebreo, noruego, portugués, rumano, serbio, sueco y turco</marc:subfield>
        </marc:datafield>
        <marc:datafield ind1=" " ind2="4" tag="655">
            <marc:subfield code="a">Fjernsynsserier</marc:subfield>
        </marc:datafield>
        <marc:datafield ind1=" " ind2="4" tag="655">
            <marc:subfield code="a">Dramafilmer</marc:subfield>
        </marc:datafield>
        <marc:datafield ind1="1" ind2=" " tag="700">
            <marc:subfield code="a">Benioff, David,</marc:subfield>
            <marc:subfield code="d">1970-,</marc:subfield>
            <marc:subfield code="e">idéskaper.</marc:subfield>
            <marc:subfield code="4">ccp</marc:subfield>
            <marc:subfield code="0">nm1125275</marc:subfield>
            <marc:subfield code="1">https://www.imdb.com/name/nm1125275</marc:subfield>
        </marc:datafield>
        <marc:datafield ind1="1" ind2=" " tag="700">
            <marc:subfield code="a">Weiss, D. B.</marc:subfield>
            <marc:subfield code="q">(David Brett)</marc:subfield>
            <marc:subfield code="d">1971-</marc:subfield>
            <marc:subfield code="e">idéskaper</marc:subfield>
            <marc:subfield code="4">ccp</marc:subfield>
            <marc:subfield code="0">nm1888967</marc:subfield>
            <marc:subfield code="1">https://www.imdb.com/name/nm1888967</marc:subfield>
        </marc:datafield>
        <marc:datafield ind1="1" ind2=" " tag="700">
            <marc:subfield code="a">Taylor, Alan</marc:subfield>
            <marc:subfield code="d">1965-</marc:subfield>
            <marc:subfield code="e">regissør</marc:subfield>
            <marc:subfield code="4">fmd</marc:subfield>
            <marc:subfield code="0">nm0851930</marc:subfield>
            <marc:subfield code="1">https://www.imdb.com/name/nm0851930</marc:subfield>
        </marc:datafield>
        <marc:datafield ind1="1" ind2=" " tag="700">
            <marc:subfield code="a">Huffam, Mark</marc:subfield>
            <marc:subfield code="e">produsent</marc:subfield>
            <marc:subfield code="4">pro</marc:subfield>
            <marc:subfield code="0">nm0400240</marc:subfield>
            <marc:subfield code="1">https://www.imdb.com/name/nm0400240</marc:subfield>
        </marc:datafield>
        <marc:datafield ind1="1" ind2=" " tag="700">
            <marc:subfield code="a">Doelger, Frank</marc:subfield>
            <marc:subfield code="e">produsent</marc:subfield>
            <marc:subfield code="4">pro</marc:subfield>
            <marc:subfield code="0">nm0230361</marc:subfield>
            <marc:subfield code="1">https://www.imdb.com/name/nm0230361</marc:subfield>
        </marc:datafield>
        <marc:datafield ind1="1" ind2=" " tag="700">
            <marc:subfield code="a">Morgenthau, Kramer</marc:subfield>
            <marc:subfield code="d">1966-</marc:subfield>
            <marc:subfield code="e">filmfotograf</marc:subfield>
            <marc:subfield code="4">cng</marc:subfield>
            <marc:subfield code="0">nm0605190</marc:subfield>
            <marc:subfield code="1">https://www.imdb.com/name/nm0605190</marc:subfield>
        </marc:datafield>
        <marc:datafield ind1="1" ind2=" " tag="700">
            <marc:subfield code="a">Dillon, P. J.</marc:subfield>
            <marc:subfield code="e">filmfotograf</marc:subfield>
            <marc:subfield code="4">cng</marc:subfield>
            <marc:subfield code="0">nm0227047</marc:subfield>
            <marc:subfield code="1">https://www.imdb.com/name/nm0227047</marc:subfield>
        </marc:datafield>
        <marc:datafield ind1="1" ind2=" " tag="700">
            <marc:subfield code="a">Kenzie, Martin</marc:subfield>
            <marc:subfield code="d">1956-</marc:subfield>
            <marc:subfield code="e">filmfotograf</marc:subfield>
            <marc:subfield code="4">cng</marc:subfield>
            <marc:subfield code="0">nm0227047</marc:subfield>
            <marc:subfield code="1">https://www.imdb.com/name/nm0227047</marc:subfield>
        </marc:datafield>
        <marc:datafield ind1="1" ind2=" " tag="700">
            <marc:subfield code="a">Djawadi, Ramin</marc:subfield>
            <marc:subfield code="d">1974-</marc:subfield>
            <marc:subfield code="e">komponist</marc:subfield>
            <marc:subfield code="4">cmp</marc:subfield>
            <marc:subfield code="0">nm1014697</marc:subfield>
            <marc:subfield code="1">https://www.imdb.com/name/nm1014697</marc:subfield>
        </marc:datafield>
        <marc:datafield ind1="1" ind2=" " tag="700">
            <marc:subfield code="a">Dinklage, Peter</marc:subfield>
            <marc:subfield code="d">1969-</marc:subfield>
            <marc:subfield code="e">skuespiller</marc:subfield>
            <marc:subfield code="4">act</marc:subfield>
            <marc:subfield code="0">nm0227759</marc:subfield>
            <marc:subfield code="1">https://www.imdb.com/name/nm0227759</marc:subfield>
        </marc:datafield>
        <marc:datafield ind1="1" ind2=" " tag="700">
            <marc:subfield code="a">Headey, Lena</marc:subfield>
            <marc:subfield code="d">1973-</marc:subfield>
            <marc:subfield code="e">skuespiller</marc:subfield>
            <marc:subfield code="4">act</marc:subfield>
            <marc:subfield code="0">nm0372176</marc:subfield>
            <marc:subfield code="1">https://www.imdb.com/name/nm0372176</marc:subfield>
        </marc:datafield>
        <marc:datafield ind1="1" ind2=" " tag="700">
            <marc:subfield code="a">Coster-Waldau, Nikolaj</marc:subfield>
            <marc:subfield code="d">1970-</marc:subfield>
            <marc:subfield code="e">skuespiller</marc:subfield>
            <marc:subfield code="4">act</marc:subfield>
            <marc:subfield code="0">nm0182666</marc:subfield>
            <marc:subfield code="1">https://www.imdb.com/name/nm0182666</marc:subfield>
        </marc:datafield>
        <marc:datafield ind1="1" ind2=" " tag="700">
            <marc:subfield code="a">Martin, George R.R.</marc:subfield>
            <marc:subfield code="q">(Raymond Richard)</marc:subfield>
            <marc:subfield code="d">1948-</marc:subfield>
            <marc:subfield code="i">is adapted as a television program work</marc:subfield>
            <marc:subfield code="t">Song of ice and fire</marc:subfield>
            <marc:subfield code="0">Q45875</marc:subfield>
            <marc:subfield code="1">https://www.wikidata.org/wiki/Q45875</marc:subfield>
            <marc:subfield code="4">http://rdaregistry.info/Elements/w/P10085</marc:subfield>
        </marc:datafield>
        <marc:datafield ind1="2" ind2=" " tag="710">
            <marc:subfield code="a">HBO</marc:subfield>
        </marc:datafield>
    </marc:record>