
    <marc:record>
        <!-- Post 244 -->
        <marc:leader>03673ngm a22006373c 4500</marc:leader>
        <marc:controlfield tag="001">a5666611</marc:controlfield>
        <marc:controlfield tag="003">SpMaBN</marc:controlfield>
        <marc:controlfield tag="005">20190225081730.2</marc:controlfield>
        <marc:controlfield tag="007">vd*cvaizs</marc:controlfield>
        <marc:controlfield tag="008">150715s2014 sp 522 g vlspa
  </marc:controlfield>
        <marc:datafield ind1=" " ind2=" " tag="017">
            <marc:subfield code="a">M 28239-2014</marc:subfield>
            <marc:subfield code="b">Oficina Depósito Legal Madrid</marc:subfield>
        </marc:datafield>
        <marc:datafield ind1=" " ind2=" " tag="035">
            <marc:subfield code="a">(OCoLC)922090406</marc:subfield>
        </marc:datafield>
        <marc:datafield ind1=" " ind2=" " tag="040">
            <marc:subfield code="a">SpMaBN</marc:subfield>
            <marc:subfield code="b">spa</marc:subfield>
            <marc:subfield code="c">SpMaBN</marc:subfield>
            <marc:subfield code="e">rdc</marc:subfield>
        </marc:datafield>
        <marc:datafield ind1="1" ind2=" " tag="041">
            <marc:subfield code="a">mul</marc:subfield>
            <marc:subfield code="j">mul</marc:subfield>
            <marc:subfield code="h">eng</marc:subfield>
        </marc:datafield>
        <marc:datafield ind1="0" ind2=" " tag="130">
            <marc:subfield code="a">Game of thrones (TV-serie)</marc:subfield>
            <marc:subfield code="l">Flerspråklig</marc:subfield>
            <marc:subfield code="0">tt0944947</marc:subfield>
            <marc:subfield code="1">https://www.imdb.com/title/tt0944947</marc:subfield>
        </marc:datafield>
        <marc:datafield ind1="1" ind2="0" tag="240">
            <marc:subfield code="a">Game of Thrones: the complete fourth season</marc:subfield>
            <marc:subfield code="l">flerspråklig</marc:subfield>
            <marc:subfield code="1">https://www.wikidata.org/wiki/Q15643670</marc:subfield>
        </marc:datafield>
        <marc:datafield ind1="1" ind2="0" tag="245">
            <marc:subfield code="a">Juego de tronos :</marc:subfield>
            <marc:subfield code="n">cuarta temporada completa :</marc:subfield>
            <marc:subfield code="b">todos los hombres deben morir = Game of thrones.</marc:subfield>
            <marc:subfield code="c">created by David Benioff, D.B. Weiss ; producers Chris Newman, Greg Spence ; directed by D.B. Weiss ... [et al.] ; written by David Benioff ... [et al.] ; director of photography, Jonathan Freeman ... [et al.] ; music by Ramin Djawadi</marc:subfield>
        </marc:datafield>
        <marc:datafield ind1="3" ind2="0" tag="246">
            <marc:subfield code="a">Todos los hombres deben morir</marc:subfield>
        </marc:datafield>
        <marc:datafield ind1=" " ind2=" " tag="250">
            <marc:subfield code="a">Utg. til salgs og/eller leie</marc:subfield>
        </marc:datafield>
        <marc:datafield ind1=" " ind2=" " tag="260">
            <marc:subfield code="a">[Madrid] :</marc:subfield>
            <marc:subfield code="b">distribuert i Spania av Warner Bros. Entertainment España,</marc:subfield>
            <marc:subfield code="c">D.L. 2014.</marc:subfield>
        </marc:datafield>
        <marc:datafield ind1=" " ind2=" " tag="300">
            <marc:subfield code="a">5 DVDer (522 min.)</marc:subfield>
            <marc:subfield code="b">lyd, kol.</marc:subfield>
            <marc:subfield code="e">2 etui</marc:subfield>
        </marc:datafield>
        <marc:datafield ind1=" " ind2=" " tag="336">
            <marc:subfield code="a">Two-dimensional moving image</marc:subfield>
            <marc:subfield code="0">http://rdaregistry.info/termList/RDAContentType/1023</marc:subfield>
            <marc:subfield code="2">rdacontent</marc:subfield>
        </marc:datafield>
        <marc:datafield ind1=" " ind2=" " tag="337">
            <marc:subfield code="a">video</marc:subfield>
            <marc:subfield code="0">http://rdaregistry.info/termList/RDAMediaType/1008</marc:subfield>
            <marc:subfield code="2">rdadmedia</marc:subfield>
        </marc:datafield>
        <marc:datafield ind1=" " ind2=" " tag="338">
            <marc:subfield code="a">videodisc</marc:subfield>
            <marc:subfield code="0">http://rdaregistry.info/termList/RDACarrierType/1060</marc:subfield>
            <marc:subfield code="2">rdacarrier</marc:subfield>
        </marc:datafield>
        <marc:datafield ind1=" " ind2=" " tag="380">
            <marc:subfield code="a">Fjernsynsserier</marc:subfield>
            <marc:subfield code="2">humord</marc:subfield>
        </marc:datafield>
        <marc:datafield ind1=" " ind2=" " tag="500">
            <marc:subfield code="a">Basert på "En sang om is og ild" av George R.R. Martin</marc:subfield>
        </marc:datafield>
        <marc:datafield ind1=" " ind2=" " tag="500">
            <marc:subfield code="a">Produsert av HBO</marc:subfield>
        </marc:datafield>
        <marc:datafield ind1=" " ind2=" " tag="500">
            <marc:subfield code="a">Inneholder ekstramateriale</marc:subfield>
        </marc:datafield>
        <marc:datafield ind1="0" ind2=" " tag="505">
            <marc:subfield code="a">DVD 1. Episodios 1 y 2 -- DVD 2. Episodios 3 y 4 --
      DVD 3. Episodios 5 y 6 -- DVD 4. Episodios 7 y 8 -- DVD 5. Episodios 9 y 10</marc:subfield>
        </marc:datafield>
        <marc:datafield ind1="1" ind2=" " tag="511">
            <marc:subfield code="a">Peter Dinklage, Nikolaj Coster-Waldau, Lena Headey</marc:subfield>
        </marc:datafield>
        <marc:datafield ind1=" " ind2=" " tag="518">
            <marc:subfield code="a">Serie de televisión realizada desde 2011 en Estados Unidos</marc:subfield>
        </marc:datafield>
        <marc:datafield ind1=" " ind2=" " tag="518">
            <marc:subfield code="a">Cuarta temporada de 10 episodios realizada en 2014</marc:subfield>
        </marc:datafield>
        <marc:datafield ind1=" " ind2=" " tag="518">
            <marc:subfield code="a">Lugares de rodaje: Croacia e Islandia</marc:subfield>
        </marc:datafield>
        <marc:datafield ind1="3" ind2=" " tag="520">
            <marc:subfield code="a">Desembarco del Rey se prepara para la boda del rey
      Joffrey Baratheon y Margaery Tyrell. Sansa Stark consigue escapar de Desembarco
      del Rey. Bran Stark continúa buscando el cuervo de tres ojos. En el Muro,
      Jon Snow debe advertir a sus superiores de los peligros de los salvajes.
      Daenerys Targaryen conquista la Bahía de los Esclavos y toma el control de Meereen</marc:subfield>
        </marc:datafield>
        <marc:datafield ind1="1" ind2=" " tag="521">
            <marc:subfield code="a">No recomendada a menores de 12 años</marc:subfield>
        </marc:datafield>
        <marc:datafield ind1=" " ind2=" " tag="538">
            <marc:subfield code="a">Formato de película 1.85:1</marc:subfield>
        </marc:datafield>
        <marc:datafield ind1=" " ind2=" " tag="538">
            <marc:subfield code="a">Formato de pantalla 16:9</marc:subfield>
        </marc:datafield>
        <marc:datafield ind1=" " ind2=" " tag="538">
            <marc:subfield code="a">Formato de sonido 5.1 (inglés, francés y español) y
      2.0 (checo, húngaro y polaco)</marc:subfield>
        </marc:datafield>
        <marc:datafield ind1=" " ind2=" " tag="546">
            <marc:subfield code="a">Versiones en español, inglés, francés, checo, húngaro
      y polaco, con subtítulos en francés, español, checho, húngaro, polaco, danés,
      holandés, finlandés, griego, hebreo, noruego, portugués, rumano, sueco y turco</marc:subfield>
        </marc:datafield>
        <marc:datafield ind1=" " ind2="4" tag="655">
            <marc:subfield code="a">Fjernsynsserier</marc:subfield>
        </marc:datafield>
        <marc:datafield ind1=" " ind2="4" tag="655">
            <marc:subfield code="a">Action- og eventyrfilmer</marc:subfield>
        </marc:datafield>
        <marc:datafield ind1="1" ind2=" " tag="700">
            <marc:subfield code="a">Benioff, David</marc:subfield>
            <marc:subfield code="d">1970-</marc:subfield>
            <marc:subfield code="e">idéskaper</marc:subfield>
            <marc:subfield code="4">ccp</marc:subfield>
            <marc:subfield code="0">nm1125275</marc:subfield>
            <marc:subfield code="1">https://www.imdb.com/name/nm1125275</marc:subfield>
        </marc:datafield>
        <marc:datafield ind1="1" ind2=" " tag="700">
            <marc:subfield code="a">Weiss, D. B</marc:subfield>
            <marc:subfield code="q">(David Brett)</marc:subfield>
            <marc:subfield code="d">1971-</marc:subfield>
            <marc:subfield code="e">idéskaper</marc:subfield>
            <marc:subfield code="4">ccp</marc:subfield>
            <marc:subfield code="0">nm1888967</marc:subfield>
            <marc:subfield code="1">https://www.imdb.com/name/nm1888967</marc:subfield>
        </marc:datafield>
        <marc:datafield ind1="1" ind2=" " tag="700">
            <marc:subfield code="a">Newman, Chris</marc:subfield>
            <marc:subfield code="d">1955-</marc:subfield>
            <marc:subfield code="e">produsent</marc:subfield>
            <marc:subfield code="4">pro</marc:subfield>
            <marc:subfield code="0">nm0628040</marc:subfield>
            <marc:subfield code="1">https://www.imdb.com/name/nm0628040</marc:subfield>
        </marc:datafield>
        <marc:datafield ind1="1" ind2=" " tag="700">
            <marc:subfield code="a">Spence, Greg</marc:subfield>
            <marc:subfield code="e">produsent</marc:subfield>
            <marc:subfield code="4">pro</marc:subfield>
            <marc:subfield code="0">nm0817770</marc:subfield>
            <marc:subfield code="1">https://www.imdb.com/name/nm0817770</marc:subfield>
        </marc:datafield>
        <marc:datafield ind1="1" ind2=" " tag="700">
            <marc:subfield code="a">Freeman, Jonathan</marc:subfield>
            <marc:subfield code="e">filmfotograf</marc:subfield>
            <marc:subfield code="4">cng</marc:subfield>
            <marc:subfield code="0">nm0293456</marc:subfield>
            <marc:subfield code="1">https://www.imdb.com/name/nm0293456</marc:subfield>
        </marc:datafield>
        <marc:datafield ind1="1" ind2=" " tag="700">
            <marc:subfield code="a">Djawadi, Ramin</marc:subfield>
            <marc:subfield code="d">1974-</marc:subfield>
            <marc:subfield code="e">komponist</marc:subfield>
            <marc:subfield code="4">cmp</marc:subfield>
            <marc:subfield code="0">nm1014697</marc:subfield>
            <marc:subfield code="1">https://www.imdb.com/name/nm1014697</marc:subfield>
        </marc:datafield>
        <marc:datafield ind1="1" ind2=" " tag="700">
            <marc:subfield code="a">Dinklage, Peter</marc:subfield>
            <marc:subfield code="d">1969-</marc:subfield>
            <marc:subfield code="e">skuespiller</marc:subfield>
            <marc:subfield code="4">act</marc:subfield>
            <marc:subfield code="0">nm0227759</marc:subfield>
            <marc:subfield code="1">https://www.imdb.com/name/nm0227759</marc:subfield>
        </marc:datafield>
        <marc:datafield ind1="1" ind2=" " tag="700">
            <marc:subfield code="a">Coster-Waldau, Nikolaj</marc:subfield>
            <marc:subfield code="d">1970-</marc:subfield>
            <marc:subfield code="e">skuespiller</marc:subfield>
            <marc:subfield code="4">act</marc:subfield>
            <marc:subfield code="0">nm0182666</marc:subfield>
            <marc:subfield code="1">https://www.imdb.com/name/nm0182666</marc:subfield>
        </marc:datafield>
        <marc:datafield ind1="1" ind2=" " tag="700">
            <marc:subfield code="a">Headey, Lena</marc:subfield>
            <marc:subfield code="d">1973-</marc:subfield>
            <marc:subfield code="e">skuespiller</marc:subfield>
            <marc:subfield code="4">act</marc:subfield>
            <marc:subfield code="0">nm0372176</marc:subfield>
            <marc:subfield code="1">https://www.imdb.com/name/nm0372176</marc:subfield>
        </marc:datafield>
        <marc:datafield ind1="1" ind2=" " tag="700">
            <marc:subfield code="a">Martin, George R.R.</marc:subfield>
            <marc:subfield code="q">(Raymond Richard)</marc:subfield>
            <marc:subfield code="d">1948-</marc:subfield>
            <marc:subfield code="i">is adapted as a television program work</marc:subfield>
            <marc:subfield code="t">Song of ice and fire</marc:subfield>
            <marc:subfield code="0">Q45875</marc:subfield>
            <marc:subfield code="1">https://www.wikidata.org/wiki/Q45875</marc:subfield>
            <marc:subfield code="4">http://rdaregistry.info/Elements/w/P10085</marc:subfield>
        </marc:datafield>
        <marc:datafield ind1="2" ind2=" " tag="710">
            <marc:subfield code="a">HBO</marc:subfield>
        </marc:datafield>
    </marc:record>