
    <marc:record>
        <!-- Post 246 -->
        <marc:leader>05400ngm a2200769Ic 4500</marc:leader>
        <marc:controlfield tag="001">a5747719</marc:controlfield>
        <marc:controlfield tag="003">SpMaBN</marc:controlfield>
        <marc:controlfield tag="005">20190223004150.7</marc:controlfield>
        <marc:controlfield tag="007">vd*csaizk</marc:controlfield>
        <marc:controlfield tag="008">160201s2013 sp 557 g vlmul
  </marc:controlfield>
        <marc:datafield ind1=" " ind2=" " tag="015">
            <marc:subfield code="a">VD13</marc:subfield>
        </marc:datafield>
        <marc:datafield ind1=" " ind2=" " tag="017">
            <marc:subfield code="a">M 28895-2013</marc:subfield>
            <marc:subfield code="b">Oficina Depósito Legal Madrid</marc:subfield>
        </marc:datafield>
        <marc:datafield ind1=" " ind2=" " tag="035">
            <marc:subfield code="a">(OCoLC)943664681</marc:subfield>
        </marc:datafield>
        <marc:datafield ind1=" " ind2=" " tag="040">
            <marc:subfield code="a">SpMaBN</marc:subfield>
            <marc:subfield code="b">spa</marc:subfield>
            <marc:subfield code="c">SpMaBN</marc:subfield>
            <marc:subfield code="e">rdc</marc:subfield>
        </marc:datafield>
        <marc:datafield ind1="1" ind2=" " tag="041">
            <marc:subfield code="a">spa</marc:subfield>
            <marc:subfield code="a">eng</marc:subfield>
            <marc:subfield code="a">fre</marc:subfield>
            <marc:subfield code="a">pol</marc:subfield>
            <marc:subfield code="j">mul</marc:subfield>
            <marc:subfield code="h">eng</marc:subfield>
        </marc:datafield>
        <marc:datafield ind1="0" ind2=" " tag="130">
            <marc:subfield code="a">Game of thrones (TV-serie)</marc:subfield>
            <marc:subfield code="l">Flerspråklig</marc:subfield>
            <marc:subfield code="0">tt0944947</marc:subfield>
            <marc:subfield code="1">https://www.imdb.com/title/tt0944947</marc:subfield>
        </marc:datafield>
        <marc:datafield ind1="1" ind2="0" tag="240">
            <marc:subfield code="a">Game of Thrones: The complete third season</marc:subfield>
            <marc:subfield code="l">flerspråklig</marc:subfield>
            <marc:subfield code="1">https://www.wikidata.org/wiki/Q3009004</marc:subfield>
        </marc:datafield>
        <marc:datafield ind1="1" ind2="0" tag="245">
            <marc:subfield code="a">Juego de tronos.</marc:subfield>
            <marc:subfield code="n">Tercera temporada completa </marc:subfield>
            <marc:subfield code="b">Game of thrones.</marc:subfield>
            <marc:subfield code="c">created by David Benioff y D. B. Weiss ; producers,
      Chris Newman, Greg Spence ; [música Ramin Djawadi]</marc:subfield>
        </marc:datafield>
        <marc:datafield ind1=" " ind2=" " tag="250">
            <marc:subfield code="a">Utg. til salgs og/eller leie</marc:subfield>
        </marc:datafield>
        <marc:datafield ind1=" " ind2=" " tag="260">
            <marc:subfield code="a">[Madrid] :</marc:subfield>
            <marc:subfield code="b">distribuert i Spania av Warner Bros. Entertainment España,</marc:subfield>
            <marc:subfield code="c">D.L. 2013.</marc:subfield>
        </marc:datafield>
        <marc:datafield ind1=" " ind2=" " tag="300">
            <marc:subfield code="a">5 Blu-ray (ca. 557 min.)</marc:subfield>
            <marc:subfield code="b">lyd, kol.</marc:subfield>
        </marc:datafield>
        <marc:datafield ind1=" " ind2=" " tag="336">
            <marc:subfield code="a">Two-dimensional moving image</marc:subfield>
            <marc:subfield code="0">http://rdaregistry.info/termList/RDAContentType/1023</marc:subfield>
            <marc:subfield code="2">rdacontent</marc:subfield>
        </marc:datafield>
        <marc:datafield ind1=" " ind2=" " tag="337">
            <marc:subfield code="a">video</marc:subfield>
            <marc:subfield code="0">http://rdaregistry.info/termList/RDAMediaType/1008</marc:subfield>
            <marc:subfield code="2">rdadmedia</marc:subfield>
        </marc:datafield>
        <marc:datafield ind1=" " ind2=" " tag="338">
            <marc:subfield code="a">videodisc</marc:subfield>
            <marc:subfield code="0">http://rdaregistry.info/termList/RDACarrierType/1060</marc:subfield>
            <marc:subfield code="2">rdacarrier</marc:subfield>
        </marc:datafield>
        <marc:datafield ind1=" " ind2=" " tag="380">
            <marc:subfield code="a">Fjernsynsserier</marc:subfield>
            <marc:subfield code="2">humord</marc:subfield>
        </marc:datafield>
        <marc:datafield ind1=" " ind2=" " tag="500">
            <marc:subfield code="a">Basert på "En sang om is og ild" av George R.R. Martin</marc:subfield>
        </marc:datafield>
        <marc:datafield ind1=" " ind2=" " tag="500">
            <marc:subfield code="a">Inneholder ekstramateriale</marc:subfield>
        </marc:datafield>
        <marc:datafield ind1="0" ind2=" " tag="505">
            <marc:subfield code="a">Disco 1. Episodios 1 y 2. Valar Dohaeris / escrito por
      David Benioff y D. B. Weiss ; dirigido por Daniel Minahan. Alas negras,
      palabras negras / escrito por Vanessa Taylor ; dirigido por Daniel Minahan --
      Disco 2. Episodios 3 y 4. El camino del castigo / escrito por David Benioff y
      D. B. Weiss ; dirigido por David Benioff. And now his watch is ended / written
      for television by David Benioff &amp; D. B. Weiss ; directed by Alex Graves
      -- Disco 3. Episodios 5, 6 y 7. Besado por el fuego / escrito por Bryan Cogman
      ; dirigido por Alex Graves. El ascenso / escrito por David Benioff y D. B.
      Weiss ; dirigido por Alik Sakharov -- Disco 4. Episodios 8 y 9. El oso y la
      bella doncella / escrito por George R.R. Martin ; dirigido por Michelle
      Maclaren ; Los segundos hijos / escrito por David Benioff y D. B. Weiss ;
      dirigido por Michelle Maclaren. Las lluvias de Castamere / escrito por David
      Benioff y D. B. Weiss ; dirigido por David Nutter -- Disco 5. Episodio 10.
      Mhysa / escrito por David Benioff y D. B. Weiss ; dirigido por David Nutter</marc:subfield>
        </marc:datafield>
        <marc:datafield ind1="1" ind2=" " tag="511">
            <marc:subfield code="a">Peter Dinklage, Nikolaj Coster-Waldau, Lena Headey,
      Kit Harington, Emilia Clarke, Sophie Turner, Iain Glen, Maisie Williams</marc:subfield>
        </marc:datafield>
        <marc:datafield ind1=" " ind2=" " tag="518">
            <marc:subfield code="a">Serie de televisión realizada desde 2011 en Estados Unidos</marc:subfield>
        </marc:datafield>
        <marc:datafield ind1=" " ind2=" " tag="518">
            <marc:subfield code="a">Tercera temporada de 10 episodios producida en 2013 en Estados Unidos</marc:subfield>
        </marc:datafield>
        <marc:datafield ind1="3" ind2=" " tag="520">
            <marc:subfield code="a">En esta tercera temporada, los Lannister apenas pueden
      conservar el poder después de un salvaje ataque naval de Stannis Baratheon,
      mientras las revueltas en el Norte amenazan con alterar el equilibrio de poder.
      Robb Stark, el rey en el Norte, se enfrenta a la mayor calamidad en sus esfuerzos
      para construir su victoria sobre los Lannister. Más allá del Muro, Mance Rayder
      y su enorme ejército de salvajes, continúa su inexorable marcha hacia el Sur.
      Al otro lado del Mar Angosto, Daenerys Targaryen, junto a sus tres recientes
      dragones, pretende formar un ejército para reclamar el Trono de Hierro</marc:subfield>
        </marc:datafield>
        <marc:datafield ind1=" " ind2=" " tag="521">
            <marc:subfield code="a">No recomendada para menores de 12 años</marc:subfield>
        </marc:datafield>
        <marc:datafield ind1=" " ind2=" " tag="546">
            <marc:subfield code="a">Versiones en inglés, francés y español, con subtítulos
      opcionales en francés, español, brasileño, polaco, holandés, danés, finlandés,
      noruego y sueco</marc:subfield>
        </marc:datafield>
        <marc:datafield ind1=" " ind2="4" tag="655">
            <marc:subfield code="a">Fjernsynsserier</marc:subfield>
        </marc:datafield>
        <marc:datafield ind1=" " ind2="4" tag="655">
            <marc:subfield code="a">Action- og eventyrfilmer</marc:subfield>
        </marc:datafield>
        <marc:datafield ind1=" " ind2="4" tag="655">
            <marc:subfield code="a">Dramafilmer</marc:subfield>
        </marc:datafield>
        <marc:datafield ind1="1" ind2=" " tag="700">
            <marc:subfield code="a">Benioff, David</marc:subfield>
            <marc:subfield code="d">1970-</marc:subfield>
            <marc:subfield code="e">idéskaper</marc:subfield>
            <marc:subfield code="4">ccp</marc:subfield>
            <marc:subfield code="0">nm1125275</marc:subfield>
            <marc:subfield code="1">https://www.imdb.com/name/nm11252</marc:subfield>
        </marc:datafield>
        <marc:datafield ind1="1" ind2=" " tag="700">
            <marc:subfield code="a">Weiss, D. B.</marc:subfield>
            <marc:subfield code="q">(David Brett)</marc:subfield>
            <marc:subfield code="d">1971-</marc:subfield>
            <marc:subfield code="e">idéskaper</marc:subfield>
            <marc:subfield code="4">ccp</marc:subfield>
            <marc:subfield code="0">nm1888967</marc:subfield>
            <marc:subfield code="1">https://www.imdb.com/name/nm18889</marc:subfield>
        </marc:datafield>
        <marc:datafield ind1="1" ind2=" " tag="700">
            <marc:subfield code="a">Newman, Chris</marc:subfield>
            <marc:subfield code="d">1955-</marc:subfield>
            <marc:subfield code="e">produsent</marc:subfield>
            <marc:subfield code="4">pro</marc:subfield>
            <marc:subfield code="0">nm0628040</marc:subfield>
            <marc:subfield code="1">https://www.imdb.com/name/nm06280</marc:subfield>
        </marc:datafield>
        <marc:datafield ind1="1" ind2=" " tag="700">
            <marc:subfield code="a">Spence, Greg</marc:subfield>
            <marc:subfield code="e">produsent</marc:subfield>
            <marc:subfield code="4">pro</marc:subfield>
            <marc:subfield code="0">nm0817770</marc:subfield>
            <marc:subfield code="1">https://www.imdb.com/name/nm08177</marc:subfield>
        </marc:datafield>
        <marc:datafield ind1="1" ind2=" " tag="700">
            <marc:subfield code="a">Djawadi, Ramin</marc:subfield>
            <marc:subfield code="d">1974-</marc:subfield>
            <marc:subfield code="e">komponist</marc:subfield>
            <marc:subfield code="4">cmp</marc:subfield>
            <marc:subfield code="0">nm1014697</marc:subfield>
            <marc:subfield code="1">https://www.imdb.com/name/nm10146</marc:subfield>
        </marc:datafield>
        <marc:datafield ind1="1" ind2=" " tag="700">
            <marc:subfield code="a">Martin, George R.R.</marc:subfield>
            <marc:subfield code="q">(Raymond Richard)</marc:subfield>
            <marc:subfield code="d">1948-</marc:subfield>
            <marc:subfield code="e">idéskaper</marc:subfield>
            <marc:subfield code="4">ccp</marc:subfield>
            <marc:subfield code="0">98636170</marc:subfield>
            <marc:subfield code="1">http://viaf.org/viaf/98636170</marc:subfield>
        </marc:datafield>
        <marc:datafield ind1="1" ind2=" " tag="700">
            <marc:subfield code="a">Dinklage, Peter</marc:subfield>
            <marc:subfield code="d">1969-</marc:subfield>
            <marc:subfield code="e">skuespiller</marc:subfield>
            <marc:subfield code="4">act</marc:subfield>
            <marc:subfield code="0">nm0227759</marc:subfield>
            <marc:subfield code="1">https://www.imdb.com/name/nm02277</marc:subfield>
        </marc:datafield>
        <marc:datafield ind1="1" ind2=" " tag="700">
            <marc:subfield code="a">Coster-Waldau, Nikolaj</marc:subfield>
            <marc:subfield code="d">1970-</marc:subfield>
            <marc:subfield code="e">skuespiller</marc:subfield>
            <marc:subfield code="4">act</marc:subfield>
            <marc:subfield code="0">nm0182666</marc:subfield>
            <marc:subfield code="1">https://www.imdb.com/name/nm0182666/</marc:subfield>
        </marc:datafield>
        <marc:datafield ind1="1" ind2=" " tag="700">
            <marc:subfield code="a">Headey, Lena</marc:subfield>
            <marc:subfield code="d">1973-</marc:subfield>
            <marc:subfield code="e">skuespiller</marc:subfield>
            <marc:subfield code="4">act</marc:subfield>
            <marc:subfield code="0">nm0372176</marc:subfield>
            <marc:subfield code="1">https://www.imdb.com/name/nm0372176/</marc:subfield>
        </marc:datafield>
        <marc:datafield ind1="1" ind2=" " tag="700">
            <marc:subfield code="a">Harington, Kit</marc:subfield>
            <marc:subfield code="d">1986-</marc:subfield>
            <marc:subfield code="e">skuespiller</marc:subfield>
            <marc:subfield code="4">act</marc:subfield>
            <marc:subfield code="0">nm3229685</marc:subfield>
            <marc:subfield code="1">https://www.imdb.com/name/nm32296</marc:subfield>
        </marc:datafield>
        <marc:datafield ind1="1" ind2=" " tag="700">
            <marc:subfield code="a">Clarke, Emilia</marc:subfield>
            <marc:subfield code="d">1986-</marc:subfield>
            <marc:subfield code="e">skuespiller</marc:subfield>
            <marc:subfield code="4">act</marc:subfield>
            <marc:subfield code="0">nm3592338</marc:subfield>
            <marc:subfield code="1">https://www.imdb.com/name/nm359233</marc:subfield>
        </marc:datafield>
        <marc:datafield ind1="1" ind2=" " tag="700">
            <marc:subfield code="a">Turner, Sophie</marc:subfield>
            <marc:subfield code="d">1996-</marc:subfield>
            <marc:subfield code="e">skuespiller</marc:subfield>
            <marc:subfield code="4">act</marc:subfield>
            <marc:subfield code="0">nm3849842</marc:subfield>
            <marc:subfield code="1">https://www.imdb.com/name/nm384984</marc:subfield>
        </marc:datafield>
        <marc:datafield ind1="1" ind2=" " tag="700">
            <marc:subfield code="a">Glen, Iain</marc:subfield>
            <marc:subfield code="d">1961-</marc:subfield>
            <marc:subfield code="e">skuespiller</marc:subfield>
            <marc:subfield code="4">act</marc:subfield>
            <marc:subfield code="0">nm0322513</marc:subfield>
            <marc:subfield code="1">https://www.imdb.com/name/nm032251</marc:subfield>
        </marc:datafield>
        <marc:datafield ind1="1" ind2=" " tag="700">
            <marc:subfield code="a">Williams, Maisie</marc:subfield>
            <marc:subfield code="d">1997-</marc:subfield>
            <marc:subfield code="e">skuespiller</marc:subfield>
            <marc:subfield code="4">act</marc:subfield>
            <marc:subfield code="0">nm3586035</marc:subfield>
            <marc:subfield code="1">https://www.imdb.com/name/nm3586035</marc:subfield>
        </marc:datafield>
    </marc:record>