
    <marc:record>
        <!-- Post 262 -->
        <marc:leader>02632cmm a22006137a 4500</marc:leader>
        <marc:controlfield tag="001">ktcjv0rlh3736rfz</marc:controlfield>
        <marc:controlfield tag="003">LIBRIS</marc:controlfield>
        <marc:controlfield tag="005">20190211132022.0</marc:controlfield>
        <marc:controlfield tag="006">a|||||||||||000 ||</marc:controlfield>
        <marc:controlfield tag="006">i| |||||||||||| | </marc:controlfield>
        <marc:controlfield tag="007">co |||   |||||         </marc:controlfield>
        <marc:controlfield tag="008">190211s2019    sw ||  eq  m |      swe|c</marc:controlfield>
        <marc:datafield ind1="7" ind2=" " tag="024">
            <marc:subfield code="a">CA41898</marc:subfield>
            <marc:subfield code="2">MTM medienummer</marc:subfield>
        </marc:datafield>
        <marc:datafield ind1=" " ind2=" " tag="035">
            <marc:subfield code="a">(MTM)CA41898</marc:subfield>
        </marc:datafield>
        <marc:datafield ind1=" " ind2=" " tag="035">
            <marc:subfield code="5">Mtm</marc:subfield>
            <marc:subfield code="a">(MTM)CA41898</marc:subfield>
        </marc:datafield>
        <marc:datafield ind1=" " ind2=" " tag="040">
            <marc:subfield code="a">Mtm</marc:subfield>
            <marc:subfield code="e">a</marc:subfield>
        </marc:datafield>
        <marc:datafield ind1="1" ind2=" " tag="041">
            <marc:subfield code="a">swe</marc:subfield>
            <marc:subfield code="h">eng</marc:subfield>
        </marc:datafield>
        <marc:datafield ind1=" " ind2=" " tag="042">
            <marc:subfield code="9">Mtm</marc:subfield>
        </marc:datafield>
        <marc:datafield ind1=" " ind2=" " tag="046">
            <marc:subfield code="a">m</marc:subfield>
            <marc:subfield code="m">20190208</marc:subfield>
            <marc:subfield code="n">20190409</marc:subfield>
        </marc:datafield>
        <marc:datafield ind1="1" ind2=" " tag="100">
            <marc:subfield code="a">Martin, George R.R.</marc:subfield>
            <marc:subfield code="q">(Raymond Richard)</marc:subfield>
            <marc:subfield code="d">1948-</marc:subfield>
            <marc:subfield code="e">forfatter</marc:subfield>
            <marc:subfield code="4">aut</marc:subfield>
            <marc:subfield code="0">98636170</marc:subfield>
            <marc:subfield code="1">http://viaf.org/viaf/98636170</marc:subfield>
        </marc:datafield>
        <marc:datafield ind2="1" ind1="0" tag="240">
            <marc:subfield code="a">Fire &amp; Blood : 300 Years Before A Game of Thrones (A Targaryen History)</marc:subfield>
            <marc:subfield code="l">svensk</marc:subfield>
            <marc:subfield code="1">http://www.worldcat.org/oclc/1061503913</marc:subfield>
        </marc:datafield>
        <marc:datafield ind1="1" ind2="0" tag="245">
            <marc:subfield code="a">Eld &amp; blod</marc:subfield>
            <marc:subfield code="h">[Elektronisk ressurs]</marc:subfield>
            <marc:subfield code="b">historien om huset Targaryen /</marc:subfield>
            <marc:subfield code="c">George R.R. Martin ; [illustrasjoner: Doug Wheatley ; oversetting: Ylva Spångberg].</marc:subfield>
        </marc:datafield>
        <marc:datafield ind1=" " ind2="0" tag="249">
            <marc:subfield code="a">Fire &amp; blood</marc:subfield>
        </marc:datafield>
        <marc:datafield ind1=" " ind2=" " tag="256">
            <marc:subfield code="a">Text og lyd</marc:subfield>
        </marc:datafield>
        <marc:datafield ind1=" " ind2="1" tag="264">
            <marc:subfield code="c">[2019]</marc:subfield>
        </marc:datafield>
        <marc:datafield ind1=" " ind2="1" tag="264">
            <marc:subfield code="a">Johanneshov :</marc:subfield>
            <marc:subfield code="b">MTM,</marc:subfield>
            <marc:subfield code="c">2018.</marc:subfield>
        </marc:datafield>
        <marc:datafield ind1=" " ind2=" " tag="300">
            <marc:subfield code="a">D. 1: 1 CD-R (15 t., 23 min.); 393 s.</marc:subfield>
            <marc:subfield code="b">ill.</marc:subfield>
        </marc:datafield>
        <marc:datafield ind1=" " ind2=" " tag="336">
            <marc:subfield code="a">spoken word</marc:subfield>
            <marc:subfield code="b">spw</marc:subfield>
            <marc:subfield code="0">http://rdaregistry.info/termList/RDAContentType/1013</marc:subfield>
            <marc:subfield code="2">rdacontent</marc:subfield>
        </marc:datafield>
        <marc:datafield ind1=" " ind2=" " tag="337">
            <marc:subfield code="a">audio</marc:subfield>
            <marc:subfield code="b">s</marc:subfield>
            <marc:subfield code="0">http://rdaregistry.info/termList/RDAMediaType/1001</marc:subfield>
            <marc:subfield code="2">rdamedia</marc:subfield>
        </marc:datafield>
        <marc:datafield ind1=" " ind2=" " tag="338">
            <marc:subfield code="a">audio disc</marc:subfield>
            <marc:subfield code="b">sd</marc:subfield>
            <marc:subfield code="0">http://rdaregistry.info/termList/RDACarrierType/1004</marc:subfield>
            <marc:subfield code="2">rdacarrier</marc:subfield>
        </marc:datafield>
        <marc:datafield ind1=" " ind2=" " tag="347">
            <marc:subfield code="a">Tekst og lyd</marc:subfield>
        </marc:datafield>
        <marc:datafield ind1=" " ind2=" " tag="380">
            <marc:subfield code="a">romaner</marc:subfield>
            <marc:subfield code="2">humord</marc:subfield>
        </marc:datafield>
        <marc:datafield ind1=" " ind2=" " tag="500">
            <marc:subfield code="a">Digital talbok (DAISY 2.02), text och ljud</marc:subfield>
        </marc:datafield>
        <marc:datafield ind1=" " ind2=" " tag="500">
            <marc:subfield code="a">Innlest i: Stockholm : Bookmark, 2018. ISBN 978-91-88745-82-8</marc:subfield>
        </marc:datafield>
        <marc:datafield ind1=" " ind2=" " tag="500">
            <marc:subfield code="a">D. 1: 1 CD-R (15 tim., 23 min.); 393 s. : ill</marc:subfield>
        </marc:datafield>
        <marc:datafield ind1=" " ind2=" " tag="538">
            <marc:subfield code="a">Filstorlek: 322 MB.</marc:subfield>
        </marc:datafield>
        <marc:datafield ind1=" " ind2="7" tag="650">
            <marc:subfield code="a">Fantasy</marc:subfield>
            <marc:subfield code="2">http://data.ub.uio.no/humord/c07057</marc:subfield>
        </marc:datafield>
        <marc:datafield ind1=" " ind2="4" tag="655">
            <marc:subfield code="a">Tekst og lyd</marc:subfield>
        </marc:datafield>
        <marc:datafield ind1="1" ind2=" " tag="700">
            <marc:subfield code="a">Spångberg, Ylva</marc:subfield>
            <marc:subfield code="d">1961-</marc:subfield>
            <marc:subfield code="e">oversetter</marc:subfield>
            <marc:subfield code="4">trl</marc:subfield>
            <marc:subfield code="0">273079648</marc:subfield>
            <marc:subfield code="1">http://viaf.org/viaf/273079648</marc:subfield>
        </marc:datafield>
        <marc:datafield ind1="1" ind2=" " tag="700">
            <marc:subfield code="a">Giarimi, Mallika</marc:subfield>
            <marc:subfield code="e">forteller</marc:subfield>
            <marc:subfield code="4">nrt</marc:subfield>
            <marc:subfield code="0">00002</marc:subfield>
            <marc:subfield code="1">http://viaf.org/viaf/00002</marc:subfield>
        </marc:datafield>
        <marc:datafield ind1="0" ind2=" " tag="740">
            <marc:subfield code="a">Eld och blod.</marc:subfield>
        </marc:datafield>
        <marc:datafield ind1="0" ind2="8" tag="776">
            <marc:subfield code="i">Lest inn</marc:subfield>
            <marc:subfield code="t">Eld &amp; blod</marc:subfield>
            <marc:subfield code="z">9789188745828</marc:subfield>
        </marc:datafield>
        <marc:datafield ind1="4" ind2="0" tag="856">
            <marc:subfield code="u">http://www.legimus.se/work/redirect?MedieNr=CA41898</marc:subfield>
        </marc:datafield>
    </marc:record>