
    <marc:record>
        <!-- Post 263 -->
        <marc:leader>01144cam a22003138i 4500</marc:leader>
        <marc:controlfield tag="001">4dwgvjzx2znhwbjv</marc:controlfield>
        <marc:controlfield tag="003">LIBRIS</marc:controlfield>
        <marc:controlfield tag="005">20190219080038.0</marc:controlfield>
        <marc:controlfield tag="008">190206s2019    sw |||||||||||000 1|swe|d</marc:controlfield>
        <marc:datafield ind1=" " ind2=" " tag="020">
            <marc:subfield code="a">9789137154480</marc:subfield>
            <marc:subfield code="q">danskt band</marc:subfield>
        </marc:datafield>
        <marc:datafield ind1=" " ind2=" " tag="035">
            <marc:subfield code="a">(BOKR)9789137154480</marc:subfield>
        </marc:datafield>
        <marc:datafield ind1=" " ind2=" " tag="040">
            <marc:subfield code="a">BOKR</marc:subfield>
            <marc:subfield code="e">i</marc:subfield>
        </marc:datafield>
        <marc:datafield ind1=" " ind2=" " tag="041">
            <marc:subfield code="a">swe</marc:subfield>
        </marc:datafield>
        <marc:datafield ind1="1" ind2=" " tag="100">
            <marc:subfield code="a">Martin, George R.R.</marc:subfield>
            <marc:subfield code="q">(Raymond Richard)</marc:subfield>
            <marc:subfield code="d">1948-</marc:subfield>
            <marc:subfield code="e">forfatter</marc:subfield>
            <marc:subfield code="4">aut</marc:subfield>
            <marc:subfield code="0">98636170</marc:subfield>
            <marc:subfield code="1">http://viaf.org/viaf/98636170</marc:subfield>
        </marc:datafield>
        <marc:datafield ind1="1" ind2="4" tag="240">
            <marc:subfield code="a">The World of Ice and Fire</marc:subfield>
            <marc:subfield code="l">svensk</marc:subfield>
            <marc:subfield code="0">Q18786788</marc:subfield>
            <marc:subfield code="1">https://www.wikidata.org/wiki/Q18786788</marc:subfield>
        </marc:datafield>
        <marc:datafield ind1="1" ind2="3" tag="245">
            <marc:subfield code="a">En vräld av is och eld :</marc:subfield>
            <marc:subfield code="b">Den okända historien om Västeros och de sju konungarikena.</marc:subfield>
        </marc:datafield>
        <marc:datafield ind1=" " ind2=" " tag="263">
            <marc:subfield code="a">201904</marc:subfield>
        </marc:datafield>
        <marc:datafield ind1=" " ind2="1" tag="264">
            <marc:subfield code="b">Bokförlaget Forum,</marc:subfield>
            <marc:subfield code="c">[2019].</marc:subfield>
        </marc:datafield>
        <marc:datafield ind1=" " ind2=" " tag="300">
            <marc:subfield code="a">400 s.</marc:subfield>
        </marc:datafield>
        <marc:datafield ind1=" " ind2=" " tag="336">
            <marc:subfield code="a">text</marc:subfield>
            <marc:subfield code="b">txt</marc:subfield>
            <marc:subfield code="0">http://rdaregistry.info/termList/RDAContentType/1020</marc:subfield>
            <marc:subfield code="2">rdacontent</marc:subfield>
        </marc:datafield>
        <marc:datafield ind1=" " ind2=" " tag="337">
            <marc:subfield code="a">unmediated</marc:subfield>
            <marc:subfield code="b">n</marc:subfield>
            <marc:subfield code="0">http://rdaregistry.info/termList/RDAMediaType/1007</marc:subfield>
            <marc:subfield code="2">rdamedia</marc:subfield>
        </marc:datafield>
        <marc:datafield ind1=" " ind2=" " tag="338">
            <marc:subfield code="a">volume</marc:subfield>
            <marc:subfield code="b">nc</marc:subfield>
            <marc:subfield code="0">http://rdaregistry.info/termList/RDACarrierType/1049</marc:subfield>
            <marc:subfield code="2">rdacarrier</marc:subfield>
        </marc:datafield>
        <marc:datafield ind1=" " ind2=" " tag="380">
            <marc:subfield code="a">romaner</marc:subfield>
            <marc:subfield code="2">humord</marc:subfield>
        </marc:datafield>
        <marc:datafield ind1="0" ind2=" " tag="490">
            <marc:subfield code="a">Sagan om is och eld</marc:subfield>
        </marc:datafield>
        <marc:datafield ind1="1" ind2=" " tag="700">
            <marc:subfield code="a">Antonsson, Linda</marc:subfield>
            <marc:subfield code="e">forfatter</marc:subfield>
            <marc:subfield code="4">aut</marc:subfield>
            <marc:subfield code="0">309819854</marc:subfield>
            <marc:subfield code="1">http://viaf.org/viaf/309819854</marc:subfield>
        </marc:datafield>
        <marc:datafield ind1="1" ind2=" " tag="700">
            <marc:subfield code="a">García, Elio</marc:subfield>
            <marc:subfield code="e">forfatter</marc:subfield>
            <marc:subfield code="4">aut</marc:subfield>
            <marc:subfield code="0">309819855</marc:subfield>
            <marc:subfield code="1">http://viaf.org/viaf/309819855</marc:subfield>
        </marc:datafield>
        <marc:datafield ind1="1" ind2=" " tag="700">
            <marc:subfield code="a">Thulin, Louise</marc:subfield>
            <marc:subfield code="d">1945-</marc:subfield>
            <marc:subfield code="e">oversetter</marc:subfield>
            <marc:subfield code="4">trl</marc:subfield>
            <marc:subfield code="0">255648133</marc:subfield>
            <marc:subfield code="1">http://viaf.org/viaf/255648133</marc:subfield>
        </marc:datafield>
    </marc:record>