
    <marc:record>
        <!-- Post 291 -->
        <marc:leader>01619pam a2200421 i 4500</marc:leader>
        <marc:controlfield tag="001">017911121</marc:controlfield>
        <marc:controlfield tag="003">Uk</marc:controlfield>
        <marc:controlfield tag="005">20170927155632.0</marc:controlfield>
        <marc:controlfield tag="008">160504s2016    enka   j 6    000|1|eng|d</marc:controlfield>
        <marc:datafield ind1=" " ind2=" " tag="015">
            <marc:subfield code="a">GBB690182</marc:subfield>
            <marc:subfield code="2">bnb</marc:subfield>
        </marc:datafield>
        <marc:datafield ind1="7" ind2=" " tag="016">
            <marc:subfield code="a">017911121</marc:subfield>
            <marc:subfield code="2">Uk</marc:subfield>
        </marc:datafield>
        <marc:datafield ind1=" " ind2=" " tag="020">
            <marc:subfield code="a">9780857534637 (h.) :</marc:subfield>
        </marc:datafield>
        <marc:datafield ind1=" " ind2=" " tag="040">
            <marc:subfield code="a">StDuBDS</marc:subfield>
            <marc:subfield code="b">eng</marc:subfield>
            <marc:subfield code="c">StDuBDS</marc:subfield>
            <marc:subfield code="d">Uk</marc:subfield>
            <marc:subfield code="e">rda</marc:subfield>
        </marc:datafield>
        <marc:datafield ind1="1" ind2=" " tag="041">
            <marc:subfield code="a">eng</marc:subfield>
            <marc:subfield code="h">fre</marc:subfield>
        </marc:datafield>
        <marc:datafield ind1=" " ind2=" " tag="042">
            <marc:subfield code="a">ukblcatcopy</marc:subfield>
        </marc:datafield>
        <marc:datafield ind1="1" ind2=" " tag="100">
            <marc:subfield code="a">Melchior, Stéphane,</marc:subfield>
            <marc:subfield code="d">1965-</marc:subfield>
            <marc:subfield code="e">forfatter</marc:subfield>
            <marc:subfield code="4">aut</marc:subfield>
            <marc:subfield code="0">59189488</marc:subfield>
            <marc:subfield code="1">http://viaf.org/viaf/59189488</marc:subfield>
        </marc:datafield>
        <marc:datafield ind1="1" ind2="0" tag="240">
            <marc:subfield code="a">Les Royaumes du Nord</marc:subfield>
            <marc:subfield code="l">engelsk</marc:subfield>
            <marc:subfield code="n">2</marc:subfield>
            <marc:subfield code="1">http://www.worldcat.org/oclc/1028477787</marc:subfield>
        </marc:datafield>
        <marc:datafield ind1="1" ind2="0" tag="245">
            <marc:subfield code="a">Northern lights :</marc:subfield>
            <marc:subfield code="b">the graphic novel /</marc:subfield>
            <marc:subfield code="c">Philip Pullman ; adapted by Stéphane Melchior ; art by Clément Oubrerie ; colour by Clément Oubrerie and Philippe Bruno ; translated by Annie Eaton.</marc:subfield>
        </marc:datafield>
        <marc:datafield ind1=" " ind2="1" tag="264">
            <marc:subfield code="a">London :</marc:subfield>
            <marc:subfield code="b">Doubleday,</marc:subfield>
            <marc:subfield code="c">[2016]</marc:subfield>
        </marc:datafield>
        <marc:datafield ind1=" " ind2=" " tag="300">
            <marc:subfield code="a">74 s. ;</marc:subfield>
            <marc:subfield code="b">kol. ill. ;</marc:subfield>
            <marc:subfield code="c">23 cm.</marc:subfield>
        </marc:datafield>
        <marc:datafield ind1=" " ind2=" " tag="336">
            <marc:subfield code="a">text</marc:subfield>
            <marc:subfield code="b">txt</marc:subfield>
            <marc:subfield code="0">http://rdaregistry.info/termList/RDAContentType/1020</marc:subfield>
            <marc:subfield code="2">rdacontent</marc:subfield>
        </marc:datafield>
        <marc:datafield ind1=" " ind2=" " tag="336">
            <marc:subfield code="a">still image</marc:subfield>
            <marc:subfield code="b">sti</marc:subfield>
            <marc:subfield code="0">http://rdaregistry.info/termList/RDAContentType/1014</marc:subfield>
            <marc:subfield code="2">rdacontent</marc:subfield>
        </marc:datafield>
        <marc:datafield ind1=" " ind2=" " tag="337">
            <marc:subfield code="a">unmediated</marc:subfield>
            <marc:subfield code="b">n</marc:subfield>
            <marc:subfield code="0">http://rdaregistry.info/termList/RDAMediaType/1007</marc:subfield>
            <marc:subfield code="2">rdamedia</marc:subfield>
        </marc:datafield>
        <marc:datafield ind1=" " ind2=" " tag="338">
            <marc:subfield code="a">volume</marc:subfield>
            <marc:subfield code="b">nc</marc:subfield>
            <marc:subfield code="0">http://rdaregistry.info/termList/RDACarrierType/1049</marc:subfield>
            <marc:subfield code="2">rdacarrier</marc:subfield>
        </marc:datafield>
        <marc:datafield ind1=" " ind2=" " tag="380">
            <marc:subfield code="a">romaner</marc:subfield>
            <marc:subfield code="2">humord</marc:subfield>
        </marc:datafield>
        <marc:datafield ind1="0" ind2=" " tag="490">
            <marc:subfield code="a">Northern Lights ;</marc:subfield>
            <marc:subfield code="v">Volume Two.</marc:subfield>
        </marc:datafield>
        <marc:datafield ind1=" " ind2=" " tag="500">
            <marc:subfield code="a">Oversatt fra fransk.</marc:subfield>
        </marc:datafield>
        <marc:datafield ind1=" " ind2=" " tag="500">
            <marc:subfield code="a">Formerly CIP.</marc:subfield>
            <marc:subfield code="5">Uk</marc:subfield>
        </marc:datafield>
        <marc:datafield ind1="1" ind2="4" tag="600">
            <marc:subfield code="a">Belacqua, Lyra</marc:subfield>
            <marc:subfield code="c">(fiktiv karakter)</marc:subfield>
            <marc:subfield code="0">Q2091177</marc:subfield>
            <marc:subfield code="1">https://www.wikidata.org/wiki/Q2091177</marc:subfield>
            <marc:subfield code="v">tegneserier</marc:subfield>
            <marc:subfield code="v">skjønnlitteratur</marc:subfield>
        </marc:datafield>
        <marc:datafield ind1="1" ind2="4" tag="600">
            <marc:subfield code="a">Parry, Will</marc:subfield>
            <marc:subfield code="c">(fiktiv karakter)</marc:subfield>
            <marc:subfield code="0">Q2633642</marc:subfield>
            <marc:subfield code="1">https://www.wikidata.org/wiki/Q2633642</marc:subfield>
            <marc:subfield code="v">tegneserier</marc:subfield>
            <marc:subfield code="v">skjønnlitteratur</marc:subfield>
        </marc:datafield>
        <marc:datafield ind1=" " ind2="7" tag="655">
            <marc:subfield code="a">Fantasy</marc:subfield>
            <marc:subfield code="2">http://data.ub.uio.no/humord/c07057</marc:subfield>
        </marc:datafield>
        <marc:datafield ind1=" " ind2="4" tag="655">
            <marc:subfield code="a">Ung voksen-litteratur</marc:subfield>
        </marc:datafield>
        <marc:datafield ind1="1" ind2=" " tag="700">
            <marc:subfield code="a">Oubrerie, Clément,</marc:subfield>
            <marc:subfield code="d">1966-,</marc:subfield>
            <marc:subfield code="e">illustratør.</marc:subfield>
            <marc:subfield code="4">ill</marc:subfield>
            <marc:subfield code="0">64088483</marc:subfield>
            <marc:subfield code="1">http://viaf.org/viaf/64088483</marc:subfield>
        </marc:datafield>
        <marc:datafield ind1="1" ind2=" " tag="700">
            <marc:subfield code="a">Bruno, Philippe</marc:subfield>
            <marc:subfield code="e">kolorist</marc:subfield>
            <marc:subfield code="4">clr</marc:subfield>
            <marc:subfield code="0">00003</marc:subfield>
            <marc:subfield code="1">http://viaf.org/viaf/00003</marc:subfield>
        </marc:datafield>
        <marc:datafield ind1="1" ind2=" " tag="700">
            <marc:subfield code="a">Eaton, Annie</marc:subfield>
            <marc:subfield code="e">oversetter</marc:subfield>
            <marc:subfield code="4">trl</marc:subfield>
            <marc:subfield code="0">220144647670119453467</marc:subfield>
            <marc:subfield code="1">http://viaf.org/viaf/220144647670119453467</marc:subfield>
        </marc:datafield>
        <marc:datafield ind1="1" ind2=" " tag="700">
            <marc:subfield code="a">Pullman, Philip</marc:subfield>
            <marc:subfield code="d">1946-</marc:subfield>
            <marc:subfield code="i">is adapted as graphic novel work</marc:subfield>
            <marc:subfield code="t">Northern lights</marc:subfield>
            <marc:subfield code="0">Q169976</marc:subfield>
            <marc:subfield code="1">https://www.wikidata.org/wiki/Q169976</marc:subfield>
            <marc:subfield code="4">http://rdaregistry.info/Elements/w/P10251 </marc:subfield>
        </marc:datafield>
    </marc:record>