
    <marc:record>
        <!-- Post 295 -->
        <marc:leader>01312pam a22003971i 4500</marc:leader>
        <marc:controlfield tag="001">017073774</marc:controlfield>
        <marc:controlfield tag="003">Uk</marc:controlfield>
        <marc:controlfield tag="005">20170911024317.0</marc:controlfield>
        <marc:controlfield tag="006">m    ||  d |      </marc:controlfield>
        <marc:controlfield tag="007">cr |||||||||||</marc:controlfield>
        <marc:controlfield tag="008">150213r20151997enk    jo|    000|f|eng|d</marc:controlfield>
        <marc:datafield ind1=" " ind2=" " tag="015">
            <marc:subfield code="a">GBB522050</marc:subfield>
            <marc:subfield code="2">bnb</marc:subfield>
        </marc:datafield>
        <marc:datafield ind1=" " ind2=" " tag="020">
            <marc:subfield code="a">9781448196920 (ePub e-bok) :</marc:subfield>
        </marc:datafield>
        <marc:datafield ind1=" " ind2=" " tag="020">
            <marc:subfield code="z">9781407154183 (h.)</marc:subfield>
        </marc:datafield>
        <marc:datafield ind1=" " ind2=" " tag="037">
            <marc:subfield code="a">TheRandomHouseGroup230358</marc:subfield>
            <marc:subfield code="b">Ingram Content Group</marc:subfield>
        </marc:datafield>
        <marc:datafield ind1=" " ind2=" " tag="040">
            <marc:subfield code="a">StDuBDS</marc:subfield>
            <marc:subfield code="b">eng</marc:subfield>
            <marc:subfield code="c">StDuBDS</marc:subfield>
            <marc:subfield code="d">Uk</marc:subfield>
            <marc:subfield code="e">rda</marc:subfield>
            <marc:subfield code="e">pn</marc:subfield>
        </marc:datafield>
        <marc:datafield ind1="1" ind2=" " tag="100">
            <marc:subfield code="a">Pullman, Philip</marc:subfield>
            <marc:subfield code="d">1946-</marc:subfield>
            <marc:subfield code="e">forfatter</marc:subfield>
            <marc:subfield code="4">aut</marc:subfield>
            <marc:subfield code="0">115199438</marc:subfield>
            <marc:subfield code="1">http://viaf.org/viaf/115199438</marc:subfield>
        </marc:datafield>
        <marc:datafield ind1="1" ind2="4" tag="240">
            <marc:subfield code="a">The Subtle Knife</marc:subfield>
            <marc:subfield code="l">engelsk</marc:subfield>
            <marc:subfield code="1">https://www.wikidata.org/wiki/Q472208</marc:subfield>
        </marc:datafield>
        <marc:datafield ind1="1" ind2="4" tag="245">
            <marc:subfield code="a">The subtle knife /</marc:subfield>
            <marc:subfield code="c">Philip Pullman.</marc:subfield>
        </marc:datafield>
        <marc:datafield ind1=" " ind2=" " tag="250">
            <marc:subfield code="a">Kun tilgjengelig digitalt</marc:subfield>
        </marc:datafield>
        <marc:datafield ind1=" " ind2="1" tag="264">
            <marc:subfield code="a">London :</marc:subfield>
            <marc:subfield code="b">RHCP Digital,</marc:subfield>
            <marc:subfield code="c">2015.</marc:subfield>
        </marc:datafield>
        <marc:datafield ind1=" " ind2=" " tag="300">
            <marc:subfield code="a">1 online ressurs.</marc:subfield>
        </marc:datafield>
        <marc:datafield ind1=" " ind2=" " tag="336">
            <marc:subfield code="a">text</marc:subfield>
            <marc:subfield code="b">txt</marc:subfield>
            <marc:subfield code="0">http://rdaregistry.info/termList/RDAContentType/1020</marc:subfield>
            <marc:subfield code="2">rdacontent</marc:subfield>
        </marc:datafield>
        <marc:datafield ind1=" " ind2=" " tag="337">
            <marc:subfield code="a">computer</marc:subfield>
            <marc:subfield code="b">c</marc:subfield>
            <marc:subfield code="0">http://rdaregistry.info/termList/RDAMediaType/1003</marc:subfield>
            <marc:subfield code="2">rdamedia</marc:subfield>
        </marc:datafield>
        <marc:datafield ind1=" " ind2=" " tag="338">
            <marc:subfield code="a">online recource</marc:subfield>
            <marc:subfield code="b">cr</marc:subfield>
            <marc:subfield code="0">http://rdaregistry.info/termList/RDACarrierType/1018</marc:subfield>
            <marc:subfield code="2">rdacarrier.</marc:subfield>
        </marc:datafield>
        <marc:datafield ind1=" " ind2=" " tag="380">
            <marc:subfield code="a">romaner</marc:subfield>
            <marc:subfield code="2">humord</marc:subfield>
        </marc:datafield>
        <marc:datafield ind1="0" ind2=" " tag="490">
            <marc:subfield code="a">His dark materials ;</marc:subfield>
            <marc:subfield code="v">2.</marc:subfield>
        </marc:datafield>
        <marc:datafield ind1=" " ind2=" " tag="500">
            <marc:subfield code="a">Originalt publisert: 1997.</marc:subfield>
        </marc:datafield>
        <marc:datafield ind1=" " ind2=" " tag="588">
            <marc:subfield code="a">Description based on CIP data; item not viewed.</marc:subfield>
        </marc:datafield>
        <marc:datafield ind1=" " ind2="4" tag="650">
            <marc:subfield code="a">Belacqua, Lyra (fiktiv karakter)</marc:subfield>
            <marc:subfield code="v">skjønnlitteratur</marc:subfield>
        </marc:datafield>
        <marc:datafield ind1=" " ind2="4" tag="650">
            <marc:subfield code="a">Parry, Will (fiktiv karakter)</marc:subfield>
            <marc:subfield code="v">skjønnlitteratur</marc:subfield>
        </marc:datafield>
        <marc:datafield ind1=" " ind2="7" tag="655">
            <marc:subfield code="a">Fantasy</marc:subfield>
            <marc:subfield code="2">http://data.ub.uio.no/humord/c07057</marc:subfield>
        </marc:datafield>
        <marc:datafield ind1=" " ind2="4" tag="655">
            <marc:subfield code="a">Ung voksen-litteratur</marc:subfield>
        </marc:datafield>
        <marc:datafield ind1="0" ind2="8" tag="776">
            <marc:subfield code="i">Print version:</marc:subfield>
            <marc:subfield code="z">9781407154183</marc:subfield>
        </marc:datafield>
    </marc:record>